2125 3234
347 297 371 331 4
653 291 909 328 NITHARDI
933 291 1293 328 HISTORIARUM
1318 291 1474 327 LIBER
1497 292 1527 328 Ι.

253 418 335 454 830.
348 415 593 456 traditura.
655 414 715 454 Et
745 413 1001 454 Lodharius
1033 412 1230 466 quidem,
1273 426 1326 453 eo
1356 414 1514 454 tenore
1555 426 1603 454 re
1643 412 1828 467 publica

252 1591 331 1625 831.

349 474 527 527 adepta,
562 474 738 527 patrem
771 474 816 512 et
839 470 1060 512 Karolum
1083 470 1166 511 sub
1195 470 1339 511 libera
1362 471 1570 512 custodia
1590 471 1824 520 servabat;

349 545 451 573 cum
483 545 572 586 quo
613 530 871 578 monachos,
915 529 993 582 qui
1034 528 1181 569 eidem
1221 528 1364 568 vitam
1404 529 1700 569 monasticam
1741 531 1827 570 tra-

349 591 510 632 derent
542 591 588 631 et
619 588 810 630 eandem
842 587 984 628 vitam
1015 586 1148 627 illum
1181 599 1408 628 assumere
1440 587 1698 636 suaderent,
1732 600 1827 629 esse

348 649 642 702 praeceperat
656 646 684 685 ¹.
765 645 854 687 Res
906 651 1059 686 autem
1111 645 1320 699 publica,
1373 645 1586 698 quoniam
1638 645 1828 699 quisque
1854 661 1873 687 5

349 706 601 760 cupiditate
643 704 827 745 illectus
869 717 950 744 sua
991 703 1223 757 querebat,
1266 702 1433 744 cotidie
1475 703 1676 745 deterius
1716 703 1827 745 ibat.

348 764 494 815 Quam
527 764 584 804 ob
617 776 711 804 rem
743 764 839 803 tam
872 761 1098 811 monachi,
1137 774 1248 815 quos
1289 775 1427 815 supra
1467 762 1827 810 memoravimus,

348 836 483 876 quam
516 824 562 862 et
594 820 746 869 ceteri,
781 821 859 874 qui
890 820 1011 873 quod
1043 820 1218 861 factum
1249 820 1404 861 fuerat
1436 820 1666 868 dolebant,
1696 820 1827 861 illum

347 875 633 935 percontarib
673 881 965 933 coeperuntc,
1007 879 1044 919 si
1075 891 1146 920 res
1179 878 1364 932 publica
1394 878 1541 920 eidem
1573 879 1829 920 restituere-

347 942 435 988 tur,
470 953 527 979 an
561 952 661 980 eam
693 952 774 992 pro
805 937 978 978 viribus
1000 937 1172 991 erigere
1194 950 1246 978 ac
1268 937 1423 978 fovere
1444 937 1598 985 vellet,
1622 937 1830 979 maxime·
1856 953 1890 978 10

347 1011 433 1051 que
467 997 642 1039 cultum
676 996 892 1045 divinum,
927 1009 1015 1049 quo
1047 995 1193 1036 omnis
1226 995 1336 1036 ordo
1368 997 1526 1037 tuetur
1557 1008 1608 1036 ac
1640 996 1828 1049 regitur.

349 1055 479 1106 Quod
513 1056 619 1110 quia
650 1054 787 1096 facile
820 1054 1091 1102 confessum,
1124 1054 1173 1094 in
1203 1054 1538 1095 restauratione
1572 1053 1668 1094 eius
1709 1054 1829 1095 otius

349 1128 618 1156 consensum
665 1116 758 1163 est;
813 1115 1135 1166 assumptoque
1184 1111 1452 1153 Guntbaldo
1499 1112 1695 1165 quodam
1742 1126 1830 1153 mo-

347 1173 523 1214 naeho2
561 1172 644 1213 sub
682 1168 859 1226 specied
895 1170 1128 1225 religionis
1164 1171 1213 1211 in
1246 1171 1331 1211 hoc
1373 1171 1558 1224 negotio
1591 1171 1648 1211 ad
1682 1170 1830 1225 Pippi-

347 1245 456 1272 num
488 1231 874 1284 Ludovicumque,
909 1229 1026 1271 filios
1059 1229 1167 1279 e'rus,
1203 1229 1384 1271 occulte
1426 1229 1604 1276 direxit,
1647 1230 1830 1283 promit-
1857 1245 1891 1270 1⁵

345 1292 460 1340 tens,
494 1290 531 1331 si
562 1290 611 1330 in
643 1303 724 1330 sua
755 1288 1047 1330 restitutione
1078 1302 1170 1329 una
1204 1302 1304 1329 cum
1340 1288 1410 1328 his
1442 1288 1519 1341 qui
1551 1289 1637 1329 hoc
1680 1288 1830 1342 cupie-

346 1348 458 1389 bant
505 1348 661 1390 adesse
703 1348 976 1396 voluissent,
1025 1360 1218 1401 regnum
1265 1346 1469 1400 utrisque
1516 1360 1562 1388 se
1609 1346 1830 1400 ampliare

347 1407 478 1449 velle.
555 1408 623 1448 Ac
665 1420 744 1461 per
790 1407 876 1447 hoc
919 1405 1137 1460 perfacile
1179 1405 1432 1459 cupideque
1475 1419 1686 1459 paruere;
1732 1419 1829 1446 con-

346 1468 603 1520 ventuquee
643 1460 883 1507 condictof
919 1465 1079 1517 regina
1120 1466 1166 1505 et
1199 1464 1365 1505 fratres
1398 1464 1494 1505 eius
1527 1464 1672 1505 eidem
1705 1464 1831 1505 resti-

346 1526 543 1565 tuuntur
556 1524 583 1574 3,
633 1537 684 1565 ac
729 1523 858 1578 plebs
905 1523 1116 1564 universa
1162 1522 1327 1564 ditioni
1374 1523 1470 1563 eius
1517 1536 1563 1564 se
1611 1522 1830 1563 subdidit.
1857 1537 1892 1562 20

348 1582 469 1624 Hinc
502 1583 551 1623 hi
582 1583 660 1636 qui
701 1596 804 1623 cum
836 1581 1066 1622 Lodhario
1108 1582 1347 1622 senserunt
1387 1581 1434 1621 in
1476 1581 1719 1622 concilium
1761 1581 1831 1622 de-

348 1641 475 1682 ducti
517 1644 563 1683 et
604 1641 661 1682 ab
702 1641 801 1694 ipso
833 1640 1063 1681 Lodhario
1105 1640 1162 1680 ad
1203 1642 1396 1681 mortem
1437 1639 1678 1680 diiudicati
1718 1642 1828 1680 autg

347 1700 441 1741 vita
477 1701 647 1742 donata
677 1700 726 1740 in
758 1699 945 1741 exilium
977 1699 1144 1740 retrusi
1175 1701 1296 1739 sunt.
1349 1698 1629 1739 Lodharium
1653 1712 1830 1752 quoque

347 1759 444 1800 sola
484 1759 623 1800 Italia
664 1759 932 1799 contentum
974 1771 1027 1799 ea
1073 1757 1284 1812 pactione
1332 1757 1456 1799 abire
1504 1757 1731 1811 permisit,
1778 1759 1831 1797 ut

347 1820 475 1859 extra
506 1818 649 1872 patris
680 1816 967 1858 voluntatem
999 1815 1116 1856 nihil
1155 1816 1367 1870 deinceps
1409 1816 1559 1857 moliri
1599 1816 1647 1856 in
1690 1829 1830 1869 regno
1856 1830 1891 1856 25

346 1878 608 1930 temptaret.
663 1875 867 1929 Cumque
900 1888 946 1916 se
979 1875 1092 1916 haec
1124 1875 1190 1915 ita
1223 1874 1458 1923 haberent,
1484 1877 1529 1915 et
1550 1888 1622 1915 res
1645 1874 1830 1928 publica

347 1935 585 1989 paululum
607 1929 848 1988 respirarih
874 1933 1118 1981 videretur,
1153 1934 1396 1974 confestim
1421 1932 1714 1974 Guntbaldus
1743 1947 1831 1975 mo-

345 1995 532 2043 nachus,
566 2006 698 2047 quem
733 2006 869 2046 supra
902 1991 1263 2041 memoravimus,
1298 1991 1404 2045 quia
1436 1992 1583 2032 multa
1616 1992 1665 2032 in
1706 1993 1831 2034 resti-

344 2134 373 2164 ξι)
389 2131 514 2158 traditus
531 2139 605 2157 corr.
621 2131 757 2156 traditur.
815 2131 843 2160 b)
859 2130 1028 2161 percuntari
1044 2137 1118 2155 corr.
1134 2130 1314 2161 percontari.
1371 2131 1397 2159 c)
1412 2133 1556 2162 ceperunt
1574 2137 1597 2154 c.
1649 2127 1680 2161 d)
1693 2130 1791 2163 specie
1806 2137 1829 2155 e.

346 2170 373 2200 e)
393 2167 601 2198 conuentaque
620 2174 643 2192 c.
718 2167 739 2198 f)
760 2166 878 2190 condito
897 2173 973 2190 corr.
994 2163 1139 2191 condicto.
1215 2166 1242 2196 g)
1263 2165 1374 2189 Simson
1394 2165 1413 2189 l.
1430 2173 1454 2190 c.
1470 2166 1513 2196 II,
1531 2173 1562 2196 p.
1579 2165 1603 2195 2,
1625 2172 1652 2191 n.
1668 2166 1692 2192 2.
1712 2166 1831 2197 quaerit,
1858 2164 1892 2190 30

346 2210 437 2227 nonne
456 2207 485 2227 at
505 2202 709 2227 emendandum
727 2202 774 2226 sit.
848 2201 877 2231 h)
898 2201 940 2225 sic
958 2208 981 2225 e.

348 2309 382 2352 1)
409 2308 612 2342 Nithardus
636 2318 676 2341 ea
700 2317 789 2350 quae
813 2307 906 2339 hanc
926 2307 1087 2349 primam
1121 2310 1151 2339 et
1185 2316 1273 2349 quae
1309 2307 1493 2340 secundam
1534 2317 1567 2339 a.
1592 2308 1673 2342 833.
1709 2311 1830 2339 contra

347 2357 593 2400 imperatorem
618 2359 747 2388 motam
773 2355 976 2387 seditionem
999 2357 1115 2387 secuta
1139 2356 1220 2386 sunt
1247 2353 1453 2396 compluries
1470 2354 1641 2394 confudit.
1685 2355 1829 2387 Demum

348 2414 381 2437 a.
408 2404 489 2438 833.
517 2404 764 2445 imperatorem
792 2403 829 2434 in
857 2400 1012 2434 coenobio
1038 2400 1072 2435 S.
1099 2400 1269 2433 Medardi
1294 2401 1534 2433 Suessimzensr'
1559 2401 1733 2433 inclusum
1760 2411 1833 2434 esse

345 2453 476 2483 constat
503 2459 579 2482 cum
606 2449 797 2489 monachis,
823 2449 886 2491 qui
910 2449 942 2480 ei
959 2448 1227 2490 persuaderent,
1254 2452 1291 2479 ut
1315 2448 1451 2480 saeculo
1486 2448 1604 2480 relicto
1640 2449 1677 2480 In
1712 2458 1833 2481 mona·
1859 2459 1892 2484 35

345 2498 492 2529 sterium
509 2507 544 2529 se
560 2497 758 2537 conferret,·
776 2497 820 2536 cf.
836 2496 977 2528 Simson
996 2495 1016 2529 Ι.
1035 2505 1062 2529 ε.
1081 2495 1111 2535 Ι,
1125 2506 1162 2538 p.
1177 2495 1258 2535 356,
1279 2505 1313 2527 n.
1330 2496 1360 2529 1.
1379 2499 1409 2526 et
1422 2506 1458 2537 p.
1475 2496 1560 2534 3913
1580 2495 1622 2529 E.
1639 2495 1832 2533 De'ImmIer,

348 2544 481 2577 ‘Gesclt
507 2544 567 2576 des
595 2542 781 2583 Ostfrc'z'nk,
807 2541 973 2581 Reiches⁷,
999 2543 1031 2576 2.
1059 2542 1121 2581 ed„
1144 2542 1175 2582 I,
1197 2553 1235 2584 p.
1254 2543 1310 2582 58,
1336 2552 1370 2575 n.
1389 2543 1423 2576 4.
1519 2543 1556 2578 ⁶2)
1585 2542 1692 2574 Hunc
1720 2542 1834 2574 Gunt-

348 2591 492 2623 baldum
517 2594 591 2623 tam
617 2590 696 2622 bene
722 2590 762 2622 de
786 2590 1001 2622 restituendo
1027 2590 1238 2631 imperatore
1265 2590 1427 2621 meritum
1447 2599 1516 2621 esse
1533 2589 1624 2632 quod
1640 2599 1738 2622 nemo
1761 2590 1835 2621 nisi

346 2638 550 2670 Nithardus
575 2637 777 2678 tradiderit,
803 2637 935 2668 mirum,
960 2640 1030 2675 est,·
1055 2637 1102 2676 cf.
1129 2635 1270 2668 Simson
1295 2636 1317 2669 I.
1344 2646 1370 2670 c.
1399 2636 1428 2676 I,
1461 2646 1497 2678 p.
1526 2638 1605 2676 357,
1631 2635 1718 2671 n.'3.
1770 2636 1834 2669 Ille

348 2685 582 2726 Guntbaldus,
621 2685 685 2727 qui
716 2684 871 2727 diploma
907 2683 1180 2726 Campidonensi
1213 2684 1426 2716 monasterio
1459 2694 1492 2717 a.
1519 2684 1598 2718 831.
1634 2684 1832 2725 impetrarit
1859 2690 1892 2713 ω

346 2732 447 2774 (Ray.
468 2733 551 2773 imp.
570 2731 600 2772 I,
624 2732 673 2766 ed.
692 2732 725 2772 2,
749 2732 922 2771 7172883),
952 2731 986 2762 in
1013 2731 1106 2762 notis
1139 2730 1348 2762 Tt’rom'am's
1381 2729 1567 2773 diplomati
1599 2730 1732 2762 additis
1755 2734 1785 2762 et
1811 2741 1831 2762 a

356 2777 394 2813 V.
421 2778 471 2812 CI.
500 2779 548 2813 M.
582 2778 700 2820 Tanyl
733 2779 770 2810 in
805 2777 938 2810 schedis
973 2778 1105 2810 nostris
1130 2777 1334 2821 explanatis
1359 2777 1466 2809 abbas
1494 2777 1708 2820 appellatur,
1745 2777 1833 2810 unde

346 2825 544 2867 subdubito,
571 2836 656 2858 num
683 2825 771 2857 idem
798 2826 907 2866 fuerit
934 2824 1135 2858 monachus.
1209 2826 1245 2865 3)
1271 2824 1353 2856 Non
1377 2825 1498 2866 primo
1522 2827 1685 2857 com-enm
1704 2824 1832 2856 Nort'o-

348 2874 447 2914 mayi
478 2883 512 2907 a.
538 2874 618 2908 830.
656 2873 724 2906 Oct.
762 2872 896 2912 habito,
933 2881 1001 2913 quo
1037 2872 1231 2915 imperator
1265 2872 1445 2903 restitutus
1478 2874 1542 2910 est,
1579 2872 1638 2904 sed
1665 2872 1834 2914 proximo

346 2920 483 2952 demum
511 2920 736 2962 Aquis-yrun?
759 2929 792 2953 a.
815 2921 894 2953 831.
924 2919 1025 2952 Febr.
1054 2919 1268 2961 imperatrix
1293 2922 1428 2960 reaepta
1454 2922 1513 2953 est.
1864 2927 1894 2951 ιε)
