2125 3234
394 279 439 313 14
683 274 942 310 NITHARDI
966 273 1328 310 HISTORIARUM
1351 273 1507 313 LIBER
1529 273 1581 311 Π.

298 403 378 437 840.
394 409 578 437 manum
619 395 845 445 mitteret,
893 397 1044 436 ratum
1086 394 1217 435 duxit
1263 396 1330 444 et,
1373 397 1426 435 ut
1467 394 1661 437 eundem
1703 395 1875 437 viribus

393 454 675 503 annullaret,
724 467 908 508 operam
955 453 1079 494 omni
1119 453 1289 494 virtute
1337 453 1519 493 adiecit.
1590 453 1774 495 Interea
1814 455 1873 495 ad

393 513 616 554 Karolum
648 513 696 553 in
717 511 1014 565 Aquitaniam
1045 510 1222 564 legatos
1254 510 1420 551 callide
1452 511 1654 564 dirigens
1684 513 1874 553 mandat

392 585 439 614 se
470 584 577 625 erga
602 570 746 618 illum,
770 570 906 611 sicuti
928 571 1059 623 pater
1080 570 1318 617 statuerat,
1342 571 1389 610 et
1410 568 1529 610 sicut
1551 582 1659 623 erga
1680 570 1871 611 filiolum

392 644 446 672 ex
487 629 761 683 baptismate
803 627 1063 682 oportebat,
1107 626 1367 668 benivolum
1409 639 1517 676 esse,
1559 630 1873 670 verumtamen
1898 644 1918 670 5

391 691 444 729 ut
474 687 632 742 nepoti
671 700 765 736 suo,
808 686 902 727 filio
934 685 1132 740 Pippini,
1174 686 1318 726 donec
1359 699 1462 726 cum
1502 699 1555 727 eo
1596 686 1872 740 loqueretur,

391 747 609 800 parceret,
644 746 913 798 deprecatus
945 747 1027 785 est.
1079 744 1139 784 Et
1171 743 1241 784 his
1262 744 1329 784 ita
1351 743 1612 798 compositis
1635 745 1692 785 ad
1713 745 1873 786 urbem

392 804 679 858 Vangionum
725 803 814 844 iter
860 802 1039 844 direxit.
1110 801 1282 843 Eodem
1324 804 1528 856 tempore
1569 802 1873 845 Lodhuwicus

392 868 565 917 partem
620 861 844 903 exercitus
891 860 1005 901 inibi
1057 873 1194 901 causa
1245 861 1478 902 custodiae
1528 861 1776 915 reliquerat
1828 866 1874 903 et

393 920 646 962 Saxonibus
677 919 938 961 sollicitatis
970 919 1149 960 obviam
1181 918 1274 959 illis
1306 922 1578 972 perrexerat.
1636 919 1783 970 Quam
1815 921 1872 962 ob
1901 937 1936 961 ιο

391 983 514 1021 rema
557 979 813 1020 Lodharius
860 991 998 1032 parvo
1046 977 1262 1019 conflictu
1304 978 1515 1019 custodes
1557 978 1719 1032 fugere
1760 992 1874 1019 com-

392 1038 524 1092 pulit,
557 1038 735 1079 Renum
769 1051 872 1078 cum
903 1037 1115 1077 universo
1147 1036 1349 1077 exercitu
1374 1036 1602 1077 transiens
1624 1036 1876 1078 Francono-

391 1098 522 1137 furt-h
554 1096 642 1137 iter
664 1096 842 1137 direxit.
895 1094 1025 1145 Quo1
1053 1090 1310 1149 insperateb
1338 1094 1444 1135 hinc
1467 1094 1735 1145 Lodharius,
1768 1095 1874 1136 inde

392 1155 696 1196 Lodhuwicus
744 1153 1002 1202 confluunt,
1057 1166 1257 1206 paceque
1304 1153 1386 1194 sub
1438 1155 1572 1194 nocte
1624 1154 1875 1208 composita

393 1214 510 1255 alter
548 1213 684 1262 inibi,
728 1212 846 1253 alter
886 1225 1012 1261 vero,
1055 1226 1144 1265 quo
1184 1211 1312 1253 Moin
1358 1212 1405 1252 in
1445 1211 1624 1253 Renum
1671 1212 1937 1262 confluit,15

393 1275 542 1313 castra
573 1272 697 1312 haud
723 1272 929 1312 fraterno
952 1284 1103 1312 amore
1127 1273 1420 1324 componunt.
1469 1269 1673 1324 Cumque
1695 1270 1874 1312 Lodhu-

392 1331 530 1372 wicus
574 1330 770 1372 viriliter
819 1330 1075 1377 resisteret,
1129 1332 1175 1370 et
1221 1329 1476 1370 Lodharius
1526 1329 1658 1370 illum
1705 1329 1874 1383 absque

393 1389 565 1443 praelio
598 1389 684 1430 sibi
717 1388 926 1442 subigere
960 1388 1205 1437 diffideret,
1240 1401 1425 1441 sperans
1448 1388 1670 1428 Karolum
1692 1388 1874 1429 facilius

392 1448 594 1502 superari
628 1461 769 1502 posse,
795 1461 847 1488 ea
873 1448 1084 1501 pactione
1107 1445 1329 1501 praelium
1353 1446 1549 1495 diremit,
1572 1449 1625 1486 ut
1648 1447 1739 1486 III.
1763 1446 1874 1487 Idus

392 1506 662 1548 Novembris
704 1507 858 1547 eodem
902 1505 1002 1546 loco
1043 1518 1222 1546 rursum
1265 1505 1540 1546 conveniant
1580 1507 1659 1550 et:
1687 1505 1735 1545 ni
1776 1518 1875 1546 con·
1901 1521 1936 1546 20

392 1565 545 1606 cordia
577 1564 763 1605 statutis
795 1563 1086 1613 interveniat,
1120 1563 1230 1617 quid
1263 1563 1425 1616 cuique
1465 1563 1698 1610 debeatur,
1740 1564 1875 1604 armis

393 1625 664 1672 decernant;
715 1626 760 1665 et
807 1623 878 1664 his
924 1623 992 1663 ita
1037 1623 1214 1663 omissis
1262 1621 1484 1663 Karolum
1531 1622 1618 1663 sibi
1665 1622 1874 1676 subigere

392 1683 642 1723 contendit.

534 1755 573 1793 2.
637 1753 723 1794 Per
763 1753 885 1793 idem
927 1754 1106 1805 tempus
1141 1751 1340 1792 Karolus
1374 1751 1601 1792 Bituricas
1642 1751 1699 1792 ad
1741 1750 1875 1805 placi-

391 1815 504 1857 tum,
547 1825 635 1865 quo
672 1811 919 1865 Pippinum
961 1811 1030 1851 sui
1070 1810 1333 1851 iuraverant
1374 1813 1631 1859 venturum,
1673 1812 1874 1851 venerat.
1902 1826 1937 1851 25

395 1870 508 1921 Qui⁰
547 1871 726 1924 quidem
772 1883 825 1911 ex
866 1869 1076 1910 omnibus
1116 1869 1280 1909 nuntio
1320 1871 1504 1922 recepto
1546 1869 1716 1917 missos,
1759 1868 1876 1910 vide-

393 1930 501 1970 licet
533 1929 842 1969 Nithardum'2
874 1932 919 1969 et
951 1927 1249 1981 Adelgarium
1265 1927 1292 1972 3,
1337 1927 1507 1981 delegit
1540 1930 1598 1976 et,
1642 1927 1712 1967 uti
1751 1927 1876 1968 ocius

392 1988 550 2036 valuit,
594 1988 651 2028 ad
692 1983 998 2028 Lodhariumd
1038 1986 1217 2034 direxit,
1260 1987 1478 2026 mandans
1521 2000 1572 2027 ac
1614 1986 1875 2040 deprecans,

394 2049 446 2087 ut
480 2060 649 2088 memor
681 2047 739 2087 sit
772 2047 1171 2087 sacramentorum.
1215 2058 1329 2098 quae
1362 2045 1483 2086 inter
1515 2058 1560 2086 se
1601 2045 1876 2094 iuraverant,

395 2109 440 2147 et
471 2107 631 2150 servet,
666 2119 780 2159 quae
812 2105 933 2146 inter
963 2104 1066 2145 illos
1099 2106 1228 2158 pater
1251 2106 1497 2152 statuerat;
1530 2104 1717 2158 insuper
1738 2103 1876 2145 etiam
1902 2119 1939 2144 30

346 2166 350 2168 ’
393 2164 649 2206 fraternaee
689 2164 908 2217 filiolique
942 2163 1216 2204 conditionis
1248 2163 1525 2209 meminerit;
1569 2162 1759 2204 haberet
1796 2175 1877 2203 sua

395 2223 480 2264 sibi
513 2226 572 2271 et,
606 2224 726 2276 quod
758 2223 828 2263 illi
862 2225 990 2276 pater
1023 2235 1103 2262 suo
1137 2235 1358 2262 consensu
1386 2223 1682 2269 concesserat,
1707 2221 1876 2274 absque

394 2283 609 2323 conflictu
655 2281 787 2322 illum
835 2281 1001 2322 habere
1051 2281 1309 2334 permittat;
1363 2280 1656 2334 promittens,
1706 2281 1743 2320 si
1791 2281 1876 2320 hoc

392 2342 578 2390 faceret,
614 2340 793 2382 fidelem
827 2354 872 2381 se
913 2340 982 2380 illi
1024 2342 1069 2381 et
1111 2339 1366 2380 subiectum
1407 2339 1504 2380 fore
1546 2339 1675 2385 velle,
1718 2339 1784 2379 ita
1824 2341 1877 2378 ut

394 2400 696 2454 primogenito
730 2399 864 2440 fratri
897 2412 992 2440 esse
1025 2400 1268 2453 oporteret.
1343 2398 1537 2451 Insuper
1581 2398 1715 2439 etiam
1758 2397 1876 2450 quic·
1902 2412 1939 2438 35

393 2459 501 2511 quid
545 2461 732 2500 actenus
779 2459 823 2498 in
873 2457 1004 2498 illum
1048 2457 1299 2510 deliquerat
1350 2456 1581 2510 pollicitus
1624 2460 1692 2498 est
1735 2470 1781 2497 se
1823 2469 1877 2497 ex

395 2518 528 2558 corde
560 2518 806 2561 remittere,
843 2517 1124 2570 deprecatus„
1168 2530 1224 2557 ne
1263 2515 1458 2569 amplius
1500 2529 1602 2556 suos
1645 2515 1874 2559 sollicitet,

394 2664 419 2678 ιι,
448 2656 614 2685 Quanwbrc
639 2663 662 2679 c.
749 2656 778 2684 h)
805 2655 947 2685 inspirate
972 2662 996 2681 e.
1082 2663 1107 2681 (η
1135 2652 1180 2684 Qu
1205 2653 1311 2686 anml)
1340 2661 1363 2677 c.
1456 2651 1485 2678 ‹l›
1511 2651 1696 2677 adlohnrium
1722 2660 1796 2676 cor-1¹.
1827 2652 1875 2676 ml-

394 2691 568 2715 Im‘xhnrium.
656 2692 682 2720 e)
704 2692 833 2734 fraterna·
853 2698 874 2713 c.

395 2803 428 2842 1)
458 2803 567 2834 Immo
604 2804 638 2834 ὴι
674 2802 880 2834 suburbana
917 2802 1159 2843 Allo-rsonte'aca.
1195 2803 1289 2835 Anu.
1325 2802 1425 2835 Fuld.
1463 2812 1495 2834 (ι.
1522 2802 1607 2841 840,
1644 2800 1665 2833 l.
1692 2809 1717 2833 c.
1752 2801 1939 2842 1›.23134o

391 2851 434 2889 ff.
472 2849 590 2890 illrum·
626 2860 685 2881 ron
726 2849 882 2881 lsmmau
917 2850 938 2882 Ι.
966 2859 991 2882 ε.
1025 2861 1059 2891 p,
1090 2850 1174 2890 1493
1214 2848 1447 2881 ,Uavhlbaa-lzcr
1482 2848 1503 2881 Ι.
1534 2858 1560 2881 ι’,
1601 2858 1655 2881 nr,
1690 2846 1876 2881 107(1(·,(ἰ,

392 2902 427 2930 2)
458 2898 652 2930 „lm-torem.
751 2899 785 2939 3)
815 2897 976 2927 vomitum
1004 2896 1174 2937 quendam
1191 2906 1201 2930 ‚·
1226 2896 1271 2936 ‘'f-
1301 2898 1433 2927 simma
1459 2896 1480 2929 l,
1505 2906 1530 2928 ν.
1557 2895 1606 2930 Il.
1633 2907 1666 2937 p.
1690 2896 1766 2929 15³³.
1793 2905 1824 2928 n.
1847 2895 1875 2928 1.
