2125 3234
209 979 243 1004 10

211 1273 244 1298 15

135 1327 179 1359 *μ
192 1328 254 1353 652.

211 1563 246 1588 20

211 1857 246 1882 25

213 2154 247 2179 30

215 2488 248 2513 35

214 2756 250 2779 40

567 304 823 340 NITHARDI
846 304 1211 342 HISTORIARUM
1234 306 1390 341 LIBER
1414 307 1445 343 Ι.
1727 311 1749 344 3

267 426 455 475 taniam,
499 424 802 467 Lodhuwicus
843 429 996 468 autem
1035 427 1304 476 Baioariam,
1347 427 1602 468 Lodharius
1643 442 1748 470 vero

269 486 372 538 post
413 484 660 526 discessum
701 485 797 526 eius
839 486 1097 527 universum
1137 485 1377 539 imperium
1419 486 1632 536 haberet,
1676 488 1750 527 cui

269 545 316 583 et
361 556 454 583 una
505 556 656 584 secum
708 543 994 598 imperatoris
1046 557 1211 585 nomen
1263 544 1430 585 habere
1483 545 1705 585 concessit
1721 546 1746 584 1.

269 600 454 642 Interea
490 601 799 655 Irmengardis
839 602 998 655 regina
1039 604 1272 655 materque
1315 602 1498 643 illorum
1541 603 1746 650 decessit,
1762 608 1841 642 818.

269 673 321 700 ac
362 659 499 713 paulo
541 661 644 714 post
681 660 986 701 Lodhuwicus
1026 660 1274 714 imperator
1305 660 1468 701 Iudith
1509 661 1557 701 in
1599 662 1747 702 matri·
1761 667 1841 701 819.

270 718 472 758 monium
505 718 711 771 sumpsit,
746 732 800 760 ex
831 733 919 772 qua
952 719 1150 760 Karolus
1183 721 1376 760 creatur.

411 791 450 828 3.
504 787 676 829 Karolo
709 789 891 841 quidem
925 791 1047 837 nato,
1080 789 1292 843 quoniam
1336 802 1468 831 omne
1509 790 1748 844 imperium
1763 796 1843 829 823.

269 846 389 887 inter
419 846 618 900 reliquos
660 846 777 887 filios
818 849 950 901 pater
990 847 1218 897 diviserat,
1262 848 1370 901 quid
1414 848 1520 889 huic
1561 848 1747 897 faceret,

268 904 524 958 ignorabat.
578 904 781 958 Cumque
814 906 1002 946 anxius*
1033 908 1164 960 pater
1189 920 1269 960 pro
1294 906 1387 947 filio
1409 906 1526 947 filios
1552 910 1748 960 rogaret,

267 959 481 1005 tandemb
510 963 765 1004 Lodharius
791 964 1020 1005 consensit
1052 977 1103 1005 ac
1136 967 1419 1006 sacramento
1444 967 1641 1006 testatus
1668 968 1748 1013 est,

269 1024 322 1062 ut
373 1022 627 1076 portionem
678 1023 809 1076 regni
860 1036 994 1076 quam
1041 1022 1180 1064 vellet
1227 1023 1371 1064 eidem
1425 1026 1554 1077 pater
1606 1024 1749 1070 daret,

269 1083 558 1134 tutoremque
591 1094 641 1122 ac
680 1081 963 1123 defensorem
1005 1081 1130 1122 illius
1171 1095 1217 1123 se
1257 1082 1355 1123 fore
1397 1084 1555 1123 contra
1595 1095 1750 1123 omnes

270 1139 477 1180 inimicos
525 1140 620 1180 eius
667 1139 714 1180 in
761 1140 920 1181 futuro
967 1140 1160 1181 iurando
1202 1141 1411 1181 firmavit.
1489 1140 1750 1194 Instigante

270 1200 424 1239 autem
447 1198 644 1251 Hugone
659 1198 685 1246 2,
720 1199 847 1238 cuius
880 1198 1019 1239 filiam
1052 1199 1100 1238 in
1133 1199 1472 1240 matrimonium
1495 1199 1750 1240 Lodharius

271 1256 474 1304 duxerat,
517 1269 568 1297 ac
601 1256 887 1297 Mathfrido3
928 1257 1192 1310 ceterisque,
1235 1271 1333 1298 sero
1374 1271 1420 1299 se
1462 1259 1547 1299 hoc
1589 1258 1750 1299 fecisse

270 1314 470 1369 penituit
502 1316 561 1363 et,
595 1314 997 1368 quem*admodum
1024 1315 1141 1356 illud
1164 1316 1285 1368 quod
1310 1316 1485 1357 fecerat
1512 1316 1750 1358 annullare

270 1375 444 1428 posset,
498 1373 729 1427 querebat.
814 1372 948 1424 Quod
999 1376 1175 1427 patrem
1232 1377 1513 1428 matremque
1565 1376 1751 1416 minime

270 1432 430 1481 latuit;
465 1445 517 1473 ac
550 1445 630 1486 per
662 1433 747 1473 hoc
770 1433 876 1473 hinc
899 1432 1005 1473 inde
1029 1433 1148 1486 quod
1177 1435 1307 1487 pater
1329 1435 1555 1475 statuerat
1577 1434 1751 1475 Lodha·

270 1491 364 1532 rius
397 1491 589 1539 diruere,
624 1491 710 1532 etsi
741 1505 833 1531 non
867 1491 1122 1541 manifeste,
1165 1491 1343 1533 occulte
1386 1493 1614 1534 studebat.
1678 1493 1752 1533 Ad

271 1550 393 1603 quod
434 1549 717 1591 Bernardum
766 1550 1006 1603 quendam,
1053 1551 1212 1591 ducem
1257 1550 1579 1604 Septimaniae,
1622 1555 1848 1606 pater829.

270 1609 319 1648 in
370 1608 737 1662 supplementum
793 1608 879 1649 sibi
930 1622 1111 1650 sumens
1163 1609 1461 1651 camerarium
1513 1611 1754 1651 constituit

271 1667 583 1720 Karolumque
617 1667 762 1708 eidem
797 1667 1133 1708 commendavit
1172 1681 1223 1709 ac
1261 1669 1509 1709 secundum
1552 1684 1576 1710 a
1619 1683 1664 1711 se
1705 1670 1754 1710 in

271 1725 460 1779 imperio
494 1725 728 1779 praefecit.
793 1724 883 1776 Qui
919 1726 1026 1766 dum
1068 1726 1327 1767 inconsulte
1368 1741 1416 1769 re
1457 1729 1642 1782 publica
1683 1730 1756 1770 ab·

271 1786 491 1831 uteretur,
540 1798 675 1837 quam
725 1783 921 1825 solidare
964 1784 1142 1834 debuit,
1192 1786 1375 1839 penitus
1419 1787 1596 1828 evertit.
1669 1788 1756 1829 Per

270 1843 391 1884 idem
433 1845 613 1896 tempus
655 1842 828 1883 Karolo
861 1842 1137 1884 Alamannia
1177 1858 1257 1898 per
1298 1845 1499 1886 edictum
1540 1847 1754 1887 traditur.

271 1901 386 1942 Tum
425 1902 612 1942 tandem
655 1901 938 1942 Lodharius⁰
983 1903 1111 1955 quasi
1151 1903 1273 1943 iusta
1313 1902 1651 1956 quaerimoniad
1693 1920 1753 1947 re·
1770 1912 1853 1947 830.

272 1963 403 2015 perta
433 1962 528 2000 tam
561 1960 727 2000 fratres
760 1974 896 2013 quam
929 1963 975 2001 et
1008 1961 1261 2002 universam
1301 1962 1480 2016 plebem
1513 1964 1657 2004 veluti
1699 1966 1756 2005 ad

271 2019 648 2060 restaurandumc
687 2019 752 2059 rei
795 2019 1005 2072 publicae
1047 2022 1216 2060 statum
1260 2022 1534 2062 animabat4.
1609 2022 1754 2073 Quam

273 2078 329 2119 ob
363 2092 457 2119 rem
490 2077 660 2131 pariter
693 2091 795 2118 cum
829 2078 951 2118 omni
984 2079 1152 2132 populo
1186 2080 1305 2132 patri
1338 2081 1395 2121 ad
1425 2080 1755 2135 Compendium

272 2136 621 2191 superveniunt,
668 2136 872 2189 reginam
919 2136 1207 2186 velaverunt,
1255 2134 1451 2180 fratresf
1498 2140 1594 2180 eius
1642 2140 1757 2181 Oun—

272 2196 433 2236 radum
472 2197 517 2236 et
549 2194 833 2235 Rodulfumg
869 2196 1171 2237 totonderunt
1212 2199 1348 2251 atque
1380 2198 1427 2237 in
1461 2199 1756 2251 Aquitaniam

273 2248 543 2295 servandos¹¹
597 2254 791 2307 Pippino
849 2255 1184 2296 commiserunt.
1269 2256 1527 2297 Bernardus
1579 2271 1757 2311 quoque

273 2313 385 2366 fuga
417 2312 570 2366 lapsus
601 2312 649 2352 in
677 2312 1003 2366 Septimaniam
1038 2327 1084 2354 se
1116 2315 1311 2368 recepit;
1345 2315 1582 2357 Eribertus
1614 2317 1759 2358 frater

274 2372 370 2413 eius
403 2373 563 2425 captus
596 2385 647 2412 ac
680 2371 929 2412 luminibus
959 2372 1163 2425 privatus
1195 2373 1243 2413 in
1266 2373 1405 2415 Italia
1432 2375 1758 2416 custodiendus

275 2492 301 2517 a)
323 2485 444 2509 anexius
466 2492 488 2510 c.
581 2486 610 2515 b)
631 2486 756 2509 radendo
776 2492 810 2509 es
830 2486 957 2510 tamdem
977 2493 1052 2511 corr.
1141 2489 1167 2516 c)
1187 2485 1353 2512 lodhatrius
1374 2496 1396 2513 c.
1484 2487 1513 2520 d)
1535 2490 1717 2520 querimonia
1738 2498 1759 2516 c.

275 2527 301 2546 ε»)
323 2520 545 2545 restaurandam
568 2528 642 2544 corr.
666 2519 901 2546 restaurandum.
982 2523 1005 2553 t)
1022 2520 1095 2553 erim
1116 2522 1278 2555 lsratribus)
1299 2530 1321 2550 c.
1400 2531 1428 2552 ,trn
1449 2517 1597 2549 rudultmh
1618 2532 1694 2552 corr.
1713 2533 1759 2549 ro—

275 2555 397 2582 dulfum,
471 2556 501 2587 11)
521 2554 667 2580 seruando
687 2563 710 2581 c.

277 2649 310 2694 1)
339 2650 436 2691 Quod
461 2660 575 2682 mense
600 2649 691 2682 Iulio
715 2661 748 2684 a.
767 2651 847 2684 817.
873 2650 1098 2693 Aquisqrani
1123 2654 1358 2694 constitutum,
1384 2654 1422 2685 in
1447 2658 1613 2686 concentu
1631 2654 1759 2687 Novio·

275 2698 433 2739 mayensi
467 2707 578 2729 mense
610 2696 711 2729 Malo
747 2707 780 2730 α.
815 2698 895 2731 821.
934 2697 1181 2738 confirmatum
1215 2702 1284 2741 οδω
1317 2700 1357 2732 de
1391 2711 1461 2742 qua
1495 2701 1758 2740 confirmatione

274 2743 477 2777 Nithardus
510 2744 671 2776 retulisse
706 2744 864 2783 videtum·
895 2746 939 2785 cf.
965 2744 1074 2777 Paetz
1100 2746 1121 2779 I.
1148 2757 1173 2780 c.
1207 2758 1242 2789 p.
1270 2748 1324 2781 16.
1422 2747 1458 2790 ⁶2)
1488 2748 1613 2781 Comite
1644 2748 1757 2781 Turo-

275 2792 385 2826 nensi.
488 2792 524 2832 3)
562 2790 688 2823 Comae
722 2791 986 2825 Aurelircnensi.
1098 2794 1134 2835 4)
1170 2792 1281 2826 Cuius
1314 2794 1496 2827 seditionis
1530 2795 1659 2828 nobiles
1694 2797 1757 2827 im-

271 2839 369 2880 perii
409 2842 567 2871 cczcctores
607 2841 730 2878 erant,
768 2848 838 2870 non
881 2839 954 2881 ipse
996 2838 1210 2882 Lotharins,
1253 2844 1334 2873 temo
1376 2841 1500 2874 absens
1542 2843 1579 2874 ιή
1620 2843 1756 2881 Italia,-

278 2885 366 2918 uncle
407 2895 567 2918 reversus
607 2895 695 2927 qnae
734 2888 833 2926 qesta
873 2889 974 2918 erant
1011 2887 1199 2928 probat-it,·
1239 2888 1285 2928 cf.
1328 2888 1412 2929 Req.
1456 2890 1536 2931 imp,
1563 2889 1600 2931 J,
1640 2890 1688 2924 ed.
1723 2892 1756 2930 ⁸2,

277 2943 331 2966 nr.
361 2933 471 2967 874«.

1430 3006 1471 3041 l*
