2125 3234
187 985 220 1010 10

186 1277 219 1303 15

96 1453 144 1486 ‘p.
155 1454 217 1480 661.

183 1570 219 1595 20

182 1862 218 1887 25

184 2157 219 2182 ³0

184 2449 219 2475 ³5

539 321 796 358 NITHARDI
821 321 1185 358 HISTORIARUM
1209 321 1365 357 LIBER
1390 322 1440 358 II.
1686 325 1732 359 25

249 457 467 498 equorum
514 443 670 498 inopia
710 443 860 484 attriti
900 465 970 492 —-,
1013 445 1340 491 verumtamen,
1383 456 1641 496 quanquam
1684 456 1729 484 se
1744 448 1826 483 841.

250 504 362 544 haec
402 502 469 543 ita
510 501 753 551 haberent,
801 501 1039 552 timentes,
1088 514 1145 543 ne
1187 501 1328 550 forte,
1377 501 1415 541 si
1456 500 1512 541 ab
1560 501 1729 542 auxilio

248 561 404 602 fratris
435 560 580 602 frater
612 561 839 609 deficeret,
873 560 1066 614 posteris
1089 560 1181 600 suis
1207 559 1443 613 indignam
1467 559 1729 600 memoriam

248 619 559 673 reliquissent;
602 619 722 672 quod
755 618 938 672 quidem
970 631 1027 660 ne
1067 618 1285 661 facerent.
1328 616 1565 671 elegerunt
1607 618 1729 658 omni

249 678 477 732 penuriae,
512 677 663 725 etiam,
698 677 735 717 si
767 679 1011 731 oporteret,
1045 676 1181 717 morti
1213 676 1365 730 potius
1402 675 1552 717 subire
1595 689 1728 729 quam

247 749 413 777 nomen
459 735 681 776 invictum
730 736 952 777 amittere.
1031 734 1175 785 Quam
1225 734 1281 775 ob
1329 747 1425 775 rem
1471 748 1525 775 ex
1571 733 1729 775 eadem

248 793 627 848 magnanimitate
660 794 861 835 mestitia
893 806 1120 848 oppressa,
1153 793 1347 834 invicem
1380 806 1426 834 se
1450 793 1728 840 adortantes,

247 852 499 907 gaudentes
551 851 880 905 velociterque,
933 854 985 892 ut
1037 851 1317 893 Lodharium
1370 851 1461 892 cito
1515 851 1729 904 consequi

246 912 444 966 possent,
467 910 610 951 ibant.
664 909 867 964 Cumque
901 913 1036 963 atque
1068 910 1325 964 insperate²
1352 911 1538 963 Propter
1570 909 1727 951 urbem
1745 925 1823 950 (101...
1837 925 1895 951 ει).

247 969 617 1011 Alciodorensem
664 972 855 1022 uterque
903 969 1126 1010 exercitus
1168 968 1285 1009 alter
1327 968 1383 1009 ab
1425 968 1569 1009 altero
1611 968 1728 1008 vide-

245 1030 384 1078 retur,
419 1027 659 1069 confestim
693 1027 948 1068 Lodharius
980 1039 1150 1076 verens,
1194 1040 1250 1068 ne
1290 1026 1410 1067 forte
1452 1026 1617 1067 fratres
1659 1026 1729 1066 sui

246 1086 415 1140 absque
449 1086 668 1127 dilatione
701 1099 838 1140 supra
869 1099 915 1127 se
948 1086 1121 1127 irruere
1143 1085 1328 1135 vellent,
1353 1086 1554 1126 armatus
1581 1086 1729 1125 castra

245 1145 583 1199 aliquantulum
616 1145 821 1186 excessit.
874 1144 1007 1195 Quod
1039 1144 1254 1198 quoniam
1285 1143 1452 1185 fratres
1485 1143 1555 1184 sui
1576 1143 1728 1184 facere

244 1203 376 1244 illum
400 1206 724 1257 cognoverunt,
753 1204 971 1256 quosdam
998 1205 1146 1244 castra
1171 1197 1423 1244 metantesb
1446 1201 1726 1255 relinquunt,

245 1262 462 1316 quosdam
496 1274 648 1302 secum
691 1263 890 1302 armatos
931 1263 1170 1302 assumunt
1211 1262 1257 1301 et
1298 1260 1466 1313 absque
1509 1260 1729 1301 dilatione

244 1320 424 1362 obviam
471 1320 746 1374 procedunt;
797 1319 954 1360 missos
1000 1319 1194 1360 invicem
1242 1319 1435 1359 mittunt
1481 1332 1728 1373 pacemque

244 1379 327 1420 sub
360 1381 494 1420 nocte
529 1380 822 1432 componunt.
887 1377 1047 1419 Castra
1080 1379 1231 1419 autem
1267 1377 1322 1419 ab
1356 1377 1551 1418 invicem
1593 1377 1728 1417 dista·

245 1437 358 1479 bant
389 1437 492 1492 plus
525 1437 674 1478 minus
705 1437 861 1478 leuvas
892 1439 997 1486 tres,
1032 1438 1078 1478 et
1110 1432 1347 1477 ‘intererat
1376 1435 1573 1490 paucula
1597 1435 1727 1489 palus

245 1497 501 1550 saltusque;
536 1510 586 1537 ac
620 1509 701 1550 per
732 1496 818 1537 hoc
851 1498 949 1537 erat
979 1495 1162 1548 utrique
1196 1495 1253 1535 ad
1286 1494 1482 1536 alterum
1524 1493 1728 1535 difficilis

245 1568 463 1597 accessus.
536 1553 824 1608 Quapropter
864 1567 1027 1595 aurora
1068 1553 1385 1595 delucescente
1422 1553 1865 1594 Lodhuwicus1m..22.

242 1616 291 1655 et
324 1613 520 1655 Kar-olus
554 1613 610 1654 ad
644 1613 923 1654 Lodharium
956 1612 1162 1661 mittunt,
1206 1612 1427 1652 mandant
1466 1612 1553 1652 sibi
1593 1611 1726 1652 valde

241 1672 496 1726 displicere,
530 1672 650 1725 quod
682 1671 773 1712 illis
806 1684 963 1725 pacem
986 1671 1155 1724 absque
1178 1670 1350 1725 proelio
1374 1671 1725 1723 denegaverat⁰;

243 1731 363 1784 quod
396 1730 547 1780 etiam,
582 1730 796 1784 quoniam
828 1729 982 1779 vellet,
1016 1731 1062 1771 et
1094 1729 1263 1783 absque
1303 1728 1509 1782 qualibet
1549 1728 1725 1775 fra-ude,

243 1790 281 1831 si
312 1789 410 1831 fieri
443 1789 644 1838 deberet,
688 1791 818 1830 esset.
891 1788 950 1829 Et
991 1788 1186 1842 primum
1228 1787 1412 1841 quidem
1453 1787 1634 1828 ieiuniis
1675 1800 1726 1827 ac

243 1848 360 1889 votis
403 1847 552 1889 Deum
591 1848 818 1897 invocent,
861 1847 1039 1896 deinde,
1088 1846 1126 1887 si
1167 1846 1246 1887 ille
1288 1846 1482 1887 transire
1525 1846 1582 1886 ad
1623 1845 1726 1886 illos

242 1907 473 1955 voluisset,
522 1906 673 1948 locum
711 1905 982 1947 transeundi
1022 1919 1068 1947 se
1111 1905 1296 1946 daturos
1343 1905 1632 1959 promittunt,
1675 1907 1727 1944 ut

243 1965 367 2007 omni
398 1965 711 2019 inpedimento
744 1977 825 2006 sua
857 1976 1131 2018 suorumque
1169 1977 1223 2005 ex
1263 1966 1392 2018 parte
1433 1962 1589 2004 ablato
1631 1962 1726 2004 abs-

243 2037 330 2078 que
363 2023 568 2078 qualibet
599 2022 781 2065 occulta
813 2023 1081 2077 deceptione
1114 2022 1329 2076 congredi
1363 2023 1567 2076 possent;
1611 2035 1726 2075 quae

244 2085 310 2131 et,
361 2083 398 2123 si
438 2082 600 2131 vellet,
653 2083 935 2123 sacramento
977 2082 1155 2122 firmare
1198 2083 1548 2135 praeceperunt,
1592 2083 1640 2120 at
1689 2081 1728 2120 si

243 2141 401 2190 nollet,
436 2143 488 2182 ut
520 2141 675 2182 eadem
707 2140 799 2181 illis
833 2139 1102 2182 concederet
1135 2141 1271 2193 atque
1309 2140 1488 2180 firmare
1529 2142 1724 2193 rogaret,

244 2202 422 2254 petunt.
485 2199 532 2240 Is
564 2202 717 2240 autem
751 2212 873 2240 more
906 2198 1040 2240 solito
1072 2211 1153 2253 per
1185 2211 1288 2239 suos
1321 2211 1366 2239 se
1402 2211 1725 2252 responsurum

243 2259 451 2313 promisit
484 2261 541 2307 et,
576 2261 629 2298 ut
660 2258 802 2312 legati
831 2257 1024 2312 regressi
1055 2259 1175 2306 sunt,
1209 2257 1416 2311 protinus
1437 2256 1617 2298 obviam
1639 2256 1728 2297 iter

243 2317 438 2372 arripuit
479 2330 530 2358 ac
572 2317 743 2366 locum,
786 2330 875 2370 quo
918 2318 1066 2358 castra
1106 2318 1317 2371 poneret,
1368 2311 1727 2357 Fontaneumd·1

244 2376 373 2430 petit.
451 2376 618 2417 Eadem
670 2378 823 2416 autem
865 2375 938 2416 die
977 2375 1144 2416 fratres
1185 2375 1256 2415 sui
1302 2376 1405 2428 post
1446 2373 1726 2415 Lodharium

243 2435 332 2476 iter
363 2434 668 2476 accelerantes
705 2435 1050 2476 antecesserunt
1089 2433 1221 2474 illum
1263 2435 1309 2474 et
1349 2435 1536 2486 propter
1575 2432 1724 2473 vicum

243 2493 365 2547 quod
396 2493 643 2534 Tauriacus
676 2493 846 2534 dicitur
877 2494 1024 2534 castra
1064 2493 1326 2546 posuerunt.
1401 2490 1610 2532 Crastina
1652 2490 1724 2532 die
1739 2503 1862 2530 [ηψπ.

244 2552 468 2594 exercitus
516 2551 776 2605 praeparati
822 2552 878 2592 ad
920 2550 1144 2605 proelium
1191 2552 1341 2592 castra
1387 2548 1723 2603 aliquantulum

243 2612 545 2652 excesserunt.
628 2609 1007 2651 Praemittentes⁰
1061 2609 1366 2650 Lodhuwicus
1424 2622 1475 2649 ac
1529 2607 1726 2649 Kal-olus

243 2738 272 2768 a)
291 2736 435 2768 inspirate
454 2744 477 2761 c.
552 2737 580 2766 b)
607 2741 751 2761 metentes
769 2743 791 2762 c.
871 2735 897 2767 c)
922 2733 997 2760 dene
1017 2735 1215 2766 denegauerat
1237 2742 1259 2760 c.
1334 2732 1365 2765 d)
1391 2735 1504 2759 eandem
1525 2734 1647 2758 nominis
1665 2734 1727 2763 for-

184 2773 220 2798 40
244 2779 319 2797 mam
333 2772 451 2802 praebet
471 2772 585 2802 Agnetis*
605 2771 668 2796 Lib.
684 2774 767 2802 pont.
788 2771 856 2796 eccl.
877 2771 948 2795 Κατ.
969 2777 992 2795 c.
1008 2771 1068 2801 174,
1090 2770 1155 2795 ΜΟ.
1177 2770 1226 2796 SS.
1248 2770 1339 2801 Lany.
1357 2777 1388 2801 p.
1402 2769 1468 2802 389;
1491 2772 1596 2794 ceteras
1615 2770 1727 2800 collequ'e

244 2807 428 2832 Msshlbacher
445 2807 465 2832 l.
489 2814 512 2832 τ.
534 2814 579 2831 nr.
602 2807 700 2836 1084f.
774 2806 801 2837 e)
820 2806 997 2831 Praemittes
1017 2813 1040 2831 c.

247 2901 280 2943 l)
306 2901 358 2934 De
382 2901 453 2935 loco
473 2911 618 2944 pugnae
642 2901 686 2942 cf.
713 2899 834 2942 Meyer
858 2909 920 2934 von
946 2899 1104 2933 Knonau
1131 2899 1152 2934 I.
1179 2909 1206 2935 c.
1237 2911 1271 2944 p.
1300 2900 1512 2942 136—139;
1543 2898 1728 2932 Dt'c'mmler

244 2948 267 2982 l.
295 2957 322 2983 c.
349 2959 387 2990 p.
415 2949 495 2989 154,
524 2958 558 2982 n.
585 2949 626 2990 3;
658 2946 890 2980 Mazhlbacher
915 2946 935 2981 l.
962 2956 988 2981 c.
1018 2957 1074 2979 nr.
1103 2946 1230 2987 1084f.
