2125 3234
274 402 356 436 838.

273 1102 354 1136 839.

373 280 416 313 10
671 276 928 311 NITHARDI
953 276 1314 313 HISTORIARUM
1340 278 1496 314 LIBER
1520 279 1550 316 1.

371 397 581 438 similiter
627 397 843 451 perfacile
891 397 1095 438 sedavit1
1136 401 1215 439 ac³
1261 399 1470 452 praefato
1511 400 1682 442 Karolo
1725 415 1850 442 arma

372 458 418 497 et
450 469 661 497 coronam
693 469 775 497 nec
804 469 895 496 non
928 458 974 496 et
1001 456 1226 508 quandam
1263 457 1518 510 portionem
1559 460 1689 513 regni
1729 460 1850 501 inter

372 514 625 567 Sequanam
660 516 706 555 et
738 513 947 566 Ligerem
980 513 1121 562 dedit,
1154 514 1401 568 Pippinum
1433 529 1485 556 ac
1518 516 1755 565 Karolum,
1796 521 1849 558 ut

370 573 632 620 videbatur,
686 572 924 612 unanimes
971 571 1124 613 effecit
1180 586 1231 613 ac
1288 573 1452 614 deinde
1504 574 1750 628 Pippinum
1801 577 1850 616 in

370 631 665 684 Aquitaniam
698 629 823 670 abire
856 643 956 670 cum
990 631 1140 684 gratia
1170 631 1388 685 permisit,
1413 631 1635 673 Karolum
1665 647 1771 675 vero
1801 635 1850 674 in
1876 649 1892 674 5

371 691 544 743 partem
579 688 720 741 regni,
755 701 891 741 quam
922 687 993 728 illi
1030 689 1232 737 dederat,
1276 689 1454 730 direxit.
1518 690 1618 741 Quo
1649 692 1848 742 veniens,

371 760 525 788 omnes
558 747 639 787 hos
672 747 784 787 fines
815 746 1128 788 inhabitantes
1161 747 1219 788 ad
1246 747 1378 788 illum
1401 752 1624 790 venerunt
1646 753 1692 791 et
1715 751 1847 792 fidem

371 806 654 846 sacramento
687 805 993 846 commendati
1025 805 1170 846 eidem
1205 806 1513 848 firmaverunt.

512 863 683 905 Eodem
735 865 939 916 tempore
991 864 1245 912 nuntiatur,
1299 866 1420 918 quod
1467 865 1772 908 Lodhuwicus
1824 881 1851 908 a

371 924 499 976 patre
547 935 628 963 suo
676 921 939 963 descivisset
987 925 1033 963 et
1080 923 1295 976 quicquid
1336 926 1462 964 trans
1502 925 1680 966 Renum
1721 926 1851 979 regni
1877 941 1911 966 ιο

372 980 693 1022 continebatur
745 980 832 1021 sibi
883 981 1113 1022 vindicare
1165 980 1329 1030 vellet;
1393 983 1514 1035 quod
1573 986 1703 1037 pater
1754 985 1850 1025 eius

370 1039 559 1080 audiens
605 1039 778 1080 indicto
821 1042 1048 1080 conventu
1089 1040 1437 1093 Magonciacum
1477 1037 1630 1082 venitb
1673 1056 1724 1083 ac
1764 1045 1850 1083 tra-

369 1097 488 1138 iecto
541 1098 742 1139 exercitu
793 1097 952 1151 fugere
999 1098 1131 1138 illum
1182 1098 1229 1138 in
1277 1098 1561 1140 Baioariam⁰
1615 1101 1849 1154 compulit.

370 1156 479 1197 Post
518 1157 661 1209 Aquis
709 1155 919 1197 exultans
965 1157 1102 1197 rediit
1118 1158 1143 1206 ²,
1192 1157 1427 1210 quoniam,
1476 1171 1760 1212 quocumque
1804 1172 1851 1200 se

368 1217 580 1263 verterat,
614 1216 732 1255 nutu
764 1215 918 1255 divino
940 1215 1086 1256 victor
1117 1218 1226 1256 erat.
1272 1215 1583 1258 Veruntamen
1608 1217 1850 1270 ingruente
1879 1232 1911 1257 15

369 1273 501 1314 senili
534 1275 685 1315 aetate
718 1275 764 1314 et
797 1276 982 1327 propter
1012 1275 1160 1315 varias
1202 1274 1476 1316 afflictiones
1517 1289 1660 1329 poene
1703 1277 1850 1318 decre-

369 1332 466 1385 pita
497 1332 776 1377 imminente,
810 1335 957 1374 mater
989 1346 1039 1373 ac
1072 1333 1291 1387 primores
1323 1334 1494 1387 populi,
1528 1335 1675 1388 quiin
1697 1335 1850 1375 volun-

368 1393 466 1431 tate
509 1391 650 1444 patris
691 1404 773 1445 pro
807 1391 978 1432 Karolo
1021 1391 1353 1441 laboraverant,
1397 1395 1666 1441 metuentes,
1711 1394 1748 1434 si
1788 1394 1850 1434 in-

367 1449 502 1489 fectis
534 1449 668 1490 rebus
701 1450 955 1499 decederet,
994 1447 1127 1491 oclia‘l
1162 1450 1358 1491 fratrum
1402 1465 1543 1504 usque
1576 1452 1633 1492 ad
1665 1452 1851 1493 interni-

369 1508 539 1548 tionem
573 1508 660 1549 sibi
690 1508 939 1561 insurgere,
981 1512 1132 1549 ratum
1171 1510 1412 1558 duxerunt,
1455 1512 1507 1550 ut
1544 1511 1795 1563 quemlibet
1828 1524 1850 1552 e
1877 1525 1912 1550 20

369 1566 473 1606 filiis
508 1568 636 1620 pater
667 1567 716 1606 in
747 1566 1115 1620 supplementum
1151 1567 1238 1608 sibi
1275 1571 1536 1618 assumeret,
1577 1571 1635 1618 et,
1680 1569 1717 1609 si
1749 1571 1851 1623 post

369 1625 615 1666 discessum
648 1626 743 1666 eius
776 1625 946 1666 ceteri3
977 1626 1222 1667 concordes
1255 1640 1350 1668 esse
1383 1627 1573 1675 nollent,
1607 1627 1770 1669 saltem
1803 1628 1852 1668 hi

369 1684 458 1724 duo
500 1684 737 1725 unanimes
779 1684 933 1725 effecti
966 1685 1170 1726 valerent
1210 1685 1419 1727 resistere
1463 1686 1718 1727 invidorum
1762 1687 1851 1727 fac-

367 1743 496 1783 tioni.
561 1741 764 1796 Cumque
796 1743 1067 1784 necessitate
1099 1744 1301 1785 instante
1335 1758 1385 1786 ac
1418 1758 1499 1798 per
1531 1745 1616 1786 hoc
1659 1746 1851 1786 assiduis

368 1801 745 1842 meditationibus
777 1803 824 1842 in
857 1803 941 1843 hac
965 1802 1188 1843 electione
1211 1806 1512 1849 versarentur,
1537 1804 1848 1845 universorum
1878 1819 1912 1844 25

368 1860 595 1901 sententia
630 1861 870 1909 consensit,
906 1861 943 1902 si
974 1861 1231 1901 Lodharius
1265 1864 1436 1903 certum
1474 1875 1519 1903 se
1561 1863 1609 1902 in
1651 1864 1736 1904 hoc
1780 1877 1852 1904 ne·

367 1919 492 1972 gotio
516 1919 730 1973 praebere
753 1919 904 1969 vellet,
931 1933 1030 1960 cum
1055 1933 1107 1960 eo
1137 1920 1324 1961 foeduse
1353 1921 1461 1960 iniri
1487 1921 1665 1962 debere.
1718 1922 1851 1968 Nam,

368 1978 437 2017 uti
461 1978 757 2031 praemissum
780 1981 847 2019 est
861 1978 889 2027 4,
916 1979 1035 2019 idem
1060 1974 1197 2019 olimf
1220 1979 1340 2033 patri
1362 1980 1586 2033 matrique
1609 1993 1660 2021 ac
1679 1980 1852 2021 Karolo

367 2037 617 2085 iuraverat,
666 2039 719 2077 ut
758 2039 933 2091 partem
983 2037 1113 2091 regni
1160 2051 1295 2090 quam
1341 2038 1481 2080 vellet
1528 2041 1658 2093 pater
1705 2039 1850 2080 eidem

369 2095 509 2145 daret,
545 2097 590 2136 et
623 2096 809 2136 eandem
845 2109 891 2137 se
925 2096 1180 2137 consentire
1215 2099 1260 2137 et
1302 2099 1539 2150 protegere
1581 2097 1651 2138 illi
1693 2100 1850 2139 contra
1878 2112 1912 2137 ³0

338 2165 523 2195 ⁴omnes
574 2154 781 2195 inimicos
834 2155 1043 2196 omnibus
1096 2155 1255 2196 diebus
1308 2156 1429 2197 vitae
1488 2170 1596 2197 suae
1649 2156 1849 2198 deberet.

369 2211 513 2262 Quam
548 2213 604 2253 ob
637 2226 729 2254 rem
765 2214 922 2254 missos
957 2213 1167 2268 deligunt
1200 2217 1244 2255 et
1278 2215 1324 2254 in
1358 2214 1544 2255 Italiam
1586 2215 1643 2256 ad
1677 2215 1852 2256 Lodha-

367 2272 482 2311 rium
526 2272 718 2312 mittunt
764 2273 1097 2326 promittentes,
1141 2273 1178 2313 si
1220 2274 1362 2326 pat-ris
1404 2273 1687 2315 voluntatem
1731 2274 1851 2315 dein-

367 2399 394 2423 a}
421 2399 437 2416 a
463 2399 484 2416 c.
578 2392 606 2422 b)
634 2392 785 2421 magoncia
810 2393 947 2417 conuenit
973 2401 995 2418 c.
1088 2394 1113 2424 cf)
1141 2393 1283 2418 baioriam
1311 2401 1386 2418 corr.
1414 2393 1586 2421 baioariam.
1678 2394 1705 2423 d)
1734 2393 1802 2419 odio
1828 2402 1851 2420 c.

367 2433 393 2453 e]
416 2426 500 2461 12⁴‹lus
520 2435 542 2451 c.
618 2428 638 2458 f)
659 2428 726 2452 olim
747 2435 835 2459 supra
855 2429 957 2452 lincam
978 2429 1118 2453 additum.
1877 2437 1911 2463 35

369 2521 403 2561 1)
430 2521 526 2554 Haec
550 2522 674 2554 sedicio
699 2523 817 2565 qualis
842 2523 965 2563 fuerit,
990 2524 1111 2556 cereris
1136 2524 1338 2556 auctoribus
1364 2523 1543 2555 silentibus
1568 2527 1659 2556 certo
1676 2525 1765 2556 scire
1784 2533 1850 2556 non

363 2580 576 2611 possumus;
601 2571 644 2610 cf.
664 2570 799 2602 St‘mson
819 2571 841 2604 l.
860 2580 885 2604 e.
907 2570 957 2608 II,
974 2582 1008 2613 p.
1030 2572 1107 2611 152,
1130 2581 1161 2604 ιι.
1185 2572 1300 2613 1-3;
1327 2570 1558 2603 Miihlbavlm·
1579 2571 1602 2605 l.
1620 2581 1646 2605 c.
1666 2582 1720 2605 nr.
1741 2572 1850 2605 9320.

367 2620 402 2650 :21
429 2615 571 2649 Minime
597 2618 834 2659 qucctsyram'
859 2619 1051 2659 imperator
1077 2628 1236 2650 ret-ersus
1261 2621 1330 2654 est:
1362 2618 1434 2649 ride
1460 2618 1544 2660 qu,
1571 2619 1652 2660 imp,
1681 2618 1711 2656 I,
1741 2617 1792 2650 ed.
1817 2619 1851 2656 9..

363 2675 399 2706 1).
427 2665 495 2697 400
513 2675 574 2706 sq„
610 2674 666 2698 nr.
694 2664 966 2704 vsu—9931).
1089 2666 1124 2707 3)
1163 2664 1257 2705 Quae
1290 2676 1365 2697 cum
1403 2667 1638 2707 ayitarentur,
1674 2664 1852 2707 Pippe‘nus

367 2721 430 2742 rar
456 2712 524 2741 iam
553 2714 715 2743 morluus
747 2716 848 2751 e›·at‚·
881 2712 972 2753 qnod
998 2712 1180 2745 Nithardo
1214 2712 1275 2745 hoc
1312 2713 1383 2744 loco
1414 2714 1711 2754 practermittente
1747 2721 1851 2754 mque
1878 2722 1912 2746 ιο

366 2759 440 2789 m'si
474 2758 578 2798 infra
614 2759 716 2790 initio
750 2769 827 2801 cap.
854 2759 953 2792 l'III.
990 2759 1176 2799 referente,
1211 2769 1299 2802 quae
1332 2760 1414 2791 dicit
1448 2760 1490 2791 de
1524 2758 1698 2792 Lotlmrr'o
1733 2769 1852 2790 rrcon-

366 2805 520 2837 ciliando
545 2809 574 2837 et
599 2805 639 2836 (Ie
664 2806 832 2838 divisione
858 2807 1000 2848 imperii
1024 2808 1115 2837 intcr
1142 2808 1253 2848 ipsum
1282 2811 1312 2839 et
1337 2806 1501 2839 Gerulum
1528 2807 1623 2847 facta
1650 2806 1748 2837 haud
1773 2806 1853 2839 bene

367 2851 636 2893 inlelleyuntnr;
671 2853 716 2892 cf.
745 2852 865 2893 Meyer
891 2863 952 2885 ron
981 2853 1135 2885 Knonau
1163 2854 1184 2887 I.
1211 2864 1237 2887 c.
1262 2866 1296 2897 p.
1316 2856 1348 2887 3.
1375 2858 1404 2885 c!
1428 2865 1463 2895 p,
1482 2855 1538 2893 933,
1568 2864 1600 2887 η.
1621 2854 1684 2894 33;
1711 2853 1851 2885 Simson

368 2899 388 2930 Ι.
416 2910 441 2933 c.
470 2899 521 2939 Il,
542 2910 579 2941 p.
598 2901 796 2934 aua—⁸205.
895 2902 930 2940 4)
960 2901 1045 2935 (12³.
1072 2912 1104 2943 p.
1126 2902 1156 2934 23.
