2125 3234
498 301 755 337 NITHARDI
780 302 1143 339 HISTORIARUM
1167 303 1323 340 LIBER
1347 305 1420 342 ΙΠ.
1657 310 1703 344 33

223 421 478 462 Lodharius
509 422 755 463 transitum
787 423 903 464 inibi
935 424 1136 478 undique
1169 425 1256 466 sibi
1288 426 1617 479 prohibitum2,
1651 441 1704 469 eo
1717 433 1800 468 841.

222 482 380 521 tenore
421 493 523 521 cum
557 480 728 522 Kal-olo
769 495 926 536 pacem
968 483 1083 524 inire
1125 496 1170 524 se
1201 483 1319 524 velle
1360 484 1608 533 mandavit,
1651 488 1705 526 ut

222 537 397 587 foedus,
441 539 562 591 quod
594 539 792 580 Karolus
825 553 928 581 cum
959 541 1102 582 fratre
1144 555 1226 583 suo
1258 541 1523 583 Lodhuvico
1562 556 1704 584 sacra·

223 596 387 637 mentis
410 596 681 646 firmaverat,
716 598 952 648 omisisset,
987 602 1032 640 et
1057 599 1137 641 ille
1164 602 1351 641 econtra
1372 600 1548 650 foedus,
1582 602 1704 654 quod

180 668 197 692 5
224 667 325 695 cum
367 655 561 709 Pippino
603 658 769 710 nepote
816 670 897 697 suo
943 653 1180 699 similiterb
1219 659 1514 700 sacramentis
1561 660 1704 700 firma-

221 714 362 762 verat,
396 714 652 762 omitteret;
691 717 737 755 et
770 715 960 756 haberet
992 716 1189 757 Karolus
1228 730 1253 757 a
1286 717 1495 770 Sequana
1527 723 1703 772 partem

223 771 459 812 occiduam
507 772 676 825 absque
718 773 1003 814 Provinciam
1053 777 1099 815 et
1141 775 1488 829 Septimaniam,
1538 779 1704 818 essent-

222 831 335 882 quec
380 830 508 883 quasi
552 844 661 884 pace
703 829 952 885 perpetua‘1
995 833 1232 874 foederati.
1295 834 1361 875 Re
1403 836 1554 876 autem
1597 849 1705 876 vera

222 888 285 928 sic
327 901 373 929 se
414 890 631 941 utrosque
671 889 854 930 facilius
895 891 1102 944 decipere
1145 905 1274 946 posse
1317 893 1512 946 putabat
1554 907 1702 935 omne-

164 960 197 984 ιο
221 948 333 999 quee
369 946 607 1000 imperium
643 948 727 988 hac
761 950 858 990 arte
890 949 1103 991 invadere
1136 950 1361 1004 sperabat.
1414 952 1478 991 At
1505 951 1703 992 Karolus

220 1005 457 1058 respondit
498 1001 572 1046 sef
608 1006 784 1055 foedus,
827 1007 946 1060 quod
989 1021 1091 1048 cum
1133 1008 1275 1049 fratre
1317 1022 1398 1049 suo
1431 1010 1702 1051 necessitate

221 1065 406 1104 coactus
457 1064 643 1113 inierat,
697 1065 882 1106 minime
929 1066 1098 1107 violare
1145 1066 1284 1116 velle;
1338 1067 1522 1121 insuper
1572 1070 1626 1107 ut
1677 1082 1702 1109 a

221 1121 379 1162 Mosa&
404 1135 546 1175 usque
569 1122 823 1176 Sequanam
858 1137 1061 1177 regnum,
1096 1126 1215 1178 quod
1239 1127 1370 1178 pater
1401 1126 1472 1166 illi
1498 1126 1701 1175 dederat,

221 1193 506 1233 nequaquam
561 1195 810 1235 congruum
864 1183 1114 1232 videretur,
1175 1186 1228 1224 ut
1289 1184 1359 1224 illi
1420 1184 1700 1233 obmitteret,

162 1251 194 1276 15
220 1239 484 1292 praesertim
534 1252 636 1279 cum
688 1242 821 1280 tanta
871 1241 1088 1282 nobilitas
1139 1241 1271 1282 illum
1323 1245 1480 1284 secuta
1526 1243 1582 1284 de
1632 1243 1703 1284 his

219 1296 483 1350 regionibus
516 1300 646 1346 esset,
681 1311 792 1351 quos
824 1298 873 1338 in
905 1312 986 1340 sua
1018 1299 1107 1341 fide
1140 1300 1356 1354 deceptos
1388 1314 1484 1342 esse
1517 1302 1702 1343 minime

220 1357 465 1409 oporteret.
543 1354 690 1406 Quam
743 1357 800 1398 ob
852 1370 968 1407 rem,
1023 1358 1237 1411 quoniam
1296 1359 1472 1413 hiemps
1528 1360 1700 1408 aderat,

219 1413 411 1455 haberet
457 1414 623 1467 quique
671 1415 885 1465 honores,
929 1429 1040 1469 quos
1087 1419 1218 1470 pater
1263 1417 1356 1458 illis
1403 1418 1615 1468 dederat,
1665 1419 1703 1459 si

219 1471 380 1522 vellet,
429 1473 686 1522 mandavit,
736 1474 879 1515 donec
926 1475 1044 1516 veris
1096 1477 1324 1529 tempore,
1372 1476 1547 1518 vellent
1599 1490 1701 1518 cum

159 1545 194 1569 20
219 1530 388 1585 paucis,
430 1531 604 1572 vellent
645 1545 745 1572 cum
789 1533 913 1573 omni
955 1534 1188 1583 comitatu,
1232 1548 1387 1576 omnes
1427 1535 1702 1576 conveniant

219 1591 278 1638 et,
312 1584 388 1630 nih
424 1590 611 1630 statutis
643 1593 724 1630 aut
755 1592 1012 1632 statuendis
1039 1593 1283 1633 concordia
1305 1595 1558 1643 concurrat,
1592 1594 1701 1647 quid

220 1647 383 1701 cuique
417 1647 650 1699 debeatur,
685 1650 821 1690 armis
854 1650 1118 1692 decernant.
1171 1650 1298 1701 Quae
1320 1652 1500 1705 quidem
1525 1652 1702 1693 Lodha-

218 1706 312 1746 rius
345 1719 469 1747 more
510 1707 645 1748 solito
679 1708 848 1761 sprevit
890 1711 936 1749 et
976 1722 1003 1750 a
1035 1709 1203 1750 Sancto
1236 1705 1479 1764 Dionysioi
1522 1710 1698 1751 obviam

219 1764 428 1818 Pippino,
470 1766 549 1818 qui
586 1765 642 1807 ab
675 1766 926 1819 Aquitania
968 1767 1026 1808 ad
1066 1767 1197 1807 illum
1230 1768 1456 1818 veniebat,
1500 1768 1702 1810 Senones

159 1836 193 1861 25
218 1823 306 1864 iter
349 1823 535 1873 direxit;
579 1824 778 1865 Karolus
819 1827 974 1866 autem
1007 1828 1205 1873 econtra,
1248 1827 1446 1880 qualiter
1476 1826 1702 1868 Lodhuvi-

219 1895 321 1923 cum
353 1882 403 1922 in
434 1882 710 1923 adiutorium
747 1896 877 1924 suum
911 1885 1113 1938 recipere
1147 1887 1313 1938 posset,
1347 1886 1560 1927 intendit.

362 1960 401 1998 4.
464 1958 650 2000 Interea
681 1959 949 2000 nunciatum
984 1962 1053 2001 est
1085 1960 1270 2010 Karolo,
1311 1962 1431 2014 quod
1465 1975 1590 2003 soror
1621 1975 1703 2003 sua

219 2016 535 2070 Hildigardis¹
582 2017 880 2071 Adelgarium
929 2015 1195 2072 quendamk
1245 2033 1299 2060 ex
1346 2020 1470 2060 suis2
1517 2023 1702 2074 captum

218 2075 410 2116 haberet
456 2077 502 2117 et
548 2075 597 2115 in
643 2076 756 2117 urbe
803 2076 1097 2118 Laudunensi
1143 2091 1235 2118 una
1282 2091 1433 2119 secum
1483 2080 1703 2120 custodiri

159 2153 193 2178 30
217 2133 415 2175 fecisset.
482 2132 583 2183 Qua
629 2148 710 2188 pro
750 2148 800 2176 re
845 2136 1081 2189 expeditos
1129 2137 1187 2177 ad
1229 2137 1314 2177 hoc
1357 2150 1471 2191 opus
1503 2137 1703 2178 Karolus

218 2191 305 2233 sibi
346 2192 520 2246 delegit
567 2206 618 2233 ac
666 2194 875 2247 protinus
923 2190 1196 2236 deeedente¹
1247 2195 1338 2235 iam
1386 2195 1490 2236 die3
1538 2197 1608 2236 his
1654 2197 1701 2237 in

218 2251 425 2304 partibus
468 2251 664 2292 festinus
711 2252 933 2306 perrexit3
976 2253 1178 2294 distabat
1223 2254 1344 2295 enim
1391 2254 1498 2294 urbs
1544 2255 1702 2296 eadem

218 2309 321 2362 plus
355 2310 503 2350 minus
536 2309 692 2351 leuvas
725 2310 911 2351 XXXta.
966 2311 1053 2352 Per
1084 2314 1230 2352 totam
1263 2312 1487 2366 siquidem
1520 2315 1701 2354 noctem

217 2368 306 2409 iter
336 2368 510 2410 faciens
552 2369 832 2422 impediente
873 2369 980 2423 gelu
1019 2370 1293 2424 praevalido,
1340 2371 1452 2412 hora
1483 2372 1579 2413 fere
1612 2372 1703 2413 diei

159 2445 193 2470 35
218 2426 361 2467 tercia
404 2427 632 2481 insperate
680 2428 832 2469 subito
880 2429 1022 2470 sorori
1064 2431 1110 2470 et
1151 2429 1326 2470 civibus
1372 2443 1474 2470 cum
1521 2430 1704 2471 infinita

217 2484 517 2527 multitudine
564 2486 812 2527 nunciatur
853 2486 1050 2528 Karolus
1099 2488 1268 2537 adesse,
1315 2488 1550 2542 omnisque
1595 2489 1703 2530 urbs

217 2611 243 2638 a)
271 2610 430 2641 proibitum
458 2617 534 2635 corr.
561 2610 752 2642 prohibitum.
845 2611 874 2643 b)
903 2612 1038 2636 similiter
1063 2619 1152 2643 cupra
1172 2612 1275 2637 lineam
1295 2613 1363 2638 aad.
1455 2615 1480 2645 c)
1501 2618 1659 2648 essentque
1678 2622 1701 2639 e.

217 2645 246 2674 d)
267 2650 356 2677 petua
375 2653 398 2670 c.
473 2646 499 2677 e)
520 2647 635 2677 omneq3
656 2653 679 2671 ε.
759 2647 781 2678 1)
801 2647 990 2678 respondisse
1006 2655 1029 2672 c.
1104 2648 1131 2678 g)
1153 2652 1184 2672 ut
1204 2648 1304 2673 amosa
1324 2655 1346 2673 c.
1422 2648 1451 2679 h)
1473 2655 1509 2674 ne
1528 2656 1552 2674 c.
1626 2650 1646 2681 i)
1664 2651 1705 2675 εἰς

217 2680 270 2704 hoc
289 2681 348 2705 Ioco
367 2688 389 2707 c.
465 2680 495 2713 k)
516 2680 664 2711 quandam
684 2688 758 2706 corr.
780 2680 937 2712 quendam.
1011 2683 1030 2713 l)
1052 2680 1237 2708 decendente
1257 2690 1278 2710 c.

158 2793 194 2818 40
220 2787 254 2829 1)
283 2785 484 2829 Abbatissa,
519 2788 672 2828 fmtasse
697 2787 734 2821 S,
760 2787 903 2820 Mariae
928 2787 1201 2827 Laudunensis;
1235 2790 1278 2830 cf.
1305 2789 1426 2830 Meym·
1450 2799 1516 2822 von
1542 2789 1702 2822 Knonau

220 2833 242 2867 l.
268 2842 295 2867 o.
315 2844 354 2876 p.
382 2834 460 2876 102,
488 2844 522 2868 n.
552 2835 630 2869 188.
737 2836 773 2875 2)
804 2834 858 2875 Cf.
885 2845 998 2877 supra
1021 2847 1055 2878 p.
1087 2837 1142 2876 14,
1170 2846 1203 2873 η,
1231 2837 1261 2870 3.
1373 2837 1409 2879 3)
1444 2836 1547 2878 Verq.
1577 2837 1700 2879 Geory.

219 2879 288 2920 11⁷,
321 2881 410 2915 466:
457 2879 511 2914 Te
545 2881 714 2914 veniente
757 2880 834 2922 die,
874 2884 910 2914 te
948 2880 1146 2915 decedente
1182 2881 1335 2916 canebat
1372 2883 1477 2924 affert
1515 2884 1703 2924 Manium,

219 2926 277 2961 (Ν.
304 2926 448 2960 Archiv’
473 2927 541 2970 IX,
566 2939 604 2971 p.
632 2929 710 2963 618.

307 2995 444 3023 Nithard.
1398 3002 1420 3035 3
