2125 3234
304 405 385 440 839.

401 283 445 317 12
701 279 959 315 NITHARDI
981 279 1346 316 HISTORIARUM
1370 280 1526 316 LIBER
1550 281 1580 317 I.

399 403 729 455 protegeretur,
772 401 987 442 adortans
1028 403 1183 442 exorat
1224 403 1271 442 et
1311 401 1431 454 quod
1477 401 1574 443 fieri
1618 402 1876 443 desiderat³

300 474 386 505 (ruz.)
400 461 544 513 optat.
607 458 783 510 Quibus
819 459 1016 512 peractis
1056 458 1252 512 benigne
1295 462 1341 500 et
1381 459 1568 539 pacifice
1600 460 1880 501 Lodharium

280 1302 381 1332 (Sept.)

398 518 446 558 in
478 517 661 558 Italiam
696 517 894 558 ditatum
927 516 1202 557 remissionis
1233 516 1383 570 gratia
1446 530 1498 558 ac
1528 519 1659 570 regni
1689 520 1881 560 muueri-

399 576 509 617 bus⁰
546 576 798 623 remittens,
834 577 1130 624 sacramenta,
1173 571 1317 628 quae‘1
1355 588 1460 629 sepe
1491 575 1734 626 iuraverat,
1776 590 1880 630 quo-

399 635 518 675 tiens
549 635 597 674 in
627 634 760 674 illum
793 633 1060 687 deliquerat,
1095 633 1305 686 quotiens
1348 633 1519 675 delicta
1559 633 1706 675 eidem
1748 634 1881 676 dona·
1906 652 1925 677 ε»

398 694 538 741 verat,
576 692 625 732 in
657 691 919 732 memoriam
950 692 1172 733 reducens
1205 705 1256 733 ac
1289 691 1375 745 piis
1406 692 1653 733 visceribus
1693 706 1881 734 monens

399 750 757 798 contestabatur,
790 763 847 790 ne
879 749 1041 791 saltem
1074 750 1134 799 id,
1169 750 1290 803 quod
1321 752 1431 791 tunc
1463 751 1731 792 novissimee
1760 765 1881 805 pere-

398 810 581 862 gerant,
636 821 876 861 coramque
924 808 1100 849 cunctis
1146 808 1213 848 ita
1259 821 1305 849 se
1352 808 1470 850 velle
1523 809 1879 860 confirmaverat,

396 866 610 907 frustrari
641 866 846 920 quolibet
877 867 1011 907 modo
1043 867 1296 920 permittat.

540 940 579 977 8.
633 937 803 978 Eodem
835 939 1053 991 tempore,
1086 939 1139 977 ut
1160 936 1383 991 Pippinus
1417 937 1681 979 decessisset
1696 937 1722 987 1,
1752 941 1882 993 pater
1908 956 1943 980 ιο

397 995 611 1035 nuntium
645 998 905 1049 acceperat;
949 998 996 1037 et
1027 1009 1130 1049 pars
1171 995 1365 1048 quedam
1406 995 1578 1049 populi,
1621 997 1730 1049 quid
1771 1011 1881 1038 avus

398 1053 453 1094 de
499 1066 640 1107 regno
686 1054 759 1095 vel
811 1054 1055 1107 nepotibus
1105 1053 1308 1103 iuberet,
1361 1053 1723 1107 prestolabatur;
1776 1069 1881 1109 pars

398 1114 549 1153 autem
594 1114 774 1166 arrepto
816 1112 910 1152 filio
952 1113 1048 1153 eius
1089 1112 1307 1166 Pippino,
1355 1113 1462 1165 quia-
1504 1115 1620 1153 natu
1659 1114 1882 1155 maximus

398 1173 508 1219 erat,
543 1171 832 1224 tyrannidem
865 1170 1117 1212 exercebat.
1171 1170 1458 1225 Quapropter
1489 1171 1560 1212 his
1591 1171 1670 1216 ita,
1703 1174 1756 1212 ut
1788 1186 1881 1226 pre-

396 1229 545 1269 fatum
579 1232 660 1273 est.
694 1243 795 1270 cum
819 1229 1048 1270 Lodhario
1081 1229 1309 1284 perfectis,
1344 1229 1539 1271 collecta
1570 1244 1705 1270 manu
1729 1231 1881 1272 valida
1908 1247 1941 1273 15

397 1301 476 1341 per
521 1287 803 1329 Cavillonem
851 1287 1272 1329 Clarum-montem
1321 1302 1413 1329 una
1459 1302 1560 1329 cum
1610 1289 1781 1330 Karolo
1829 1303 1880 1330 ac

397 1349 541 1387 matre
574 1349 703 1400 pater
735 1347 853 1401 petit
885 1361 935 1388 ac
969 1349 1145 1400 partem
1179 1347 1350 1401 populi,
1383 1361 1498 1400 quae
1530 1347 1662 1387 illum
1685 1351 1880 1401 praesto-

396 1401 624 1453 labaturf,
648 1405 762 1446 inibi
785 1405 980 1459 benigne
1003 1406 1188 1459 recepit.
1243 1406 1302 1446 Et
1324 1406 1536 1459 quoniam
1559 1406 1668 1446 olim
1690 1420 1881 1460 regnum

396 1464 672 1517 Aquitaniae
706 1464 878 1505 Karolo
912 1465 1173 1513 donaverat,
1216 1467 1268 1504 ut
1299 1464 1370 1504 illi
1408 1478 1454 1505 se
1496 1467 1879 1515 commendarent,

397 1522 590 1563 ortando
632 1523 796 1569 suasit,
839 1523 983 1563 iussit.
1058 1522 1147 1573 Qui
1188 1536 1343 1564 omnes
1385 1523 1688 1564 commendati
1734 1525 1880 1565 eidem
1907 1541 1941 1566 20

397 1583 680 1622 sacramento
733 1581 868 1622 fidem
921 1581 1229 1622 firmaverunt.
1307 1581 1417 1622 Post
1463 1581 1606 1635 quod,
1654 1583 1880 1635 quomodo

306 1643 321 1653 ³
374 1643 614 1693 tyrannos
667 1642 996 1693 compesceret,
1051 1640 1302 1681 contendit.
1389 1640 1476 1681 Per
1526 1640 1648 1681 idem
1699 1643 1880 1695 tempus

235 1948 322 1973 Mart.
335 1947 378 1973 28.

396 1698 701 1739 Lodhuwicus
734 1712 760 1739 a
782 1699 994 1739 Baioaria
1026 1699 1160 1739 solito
1185 1712 1308 1740 more
1332 1711 1536 1752 egressus
1560 1699 1878 1740 Alamanniam

395 1757 563 1798 invasit
597 1771 697 1798 cum
730 1757 1002 1811 quibusdam
1024 1757 1231 1811 Toringis
1256 1760 1301 1799 et
1324 1757 1578 1798 Saxonibus
1600 1758 1878 1808 sollicitatis;

396 1829 531 1869 quam
563 1816 619 1857 ob
652 1830 748 1857 rem
781 1819 912 1870 pater
944 1816 1040 1857 eius
1069 1816 1124 1857 ab
1149 1816 1399 1869 Aquitania
1420 1819 1670 1865 revocatus,
1695 1817 1879 1859 dimisso
1905 1834 1940 1859 25

394 1875 610 1916 videlicet
631 1875 803 1916 Karolo
835 1889 928 1916 una
955 1875 1061 1916 'cum
1095 1877 1240 1916 matre
1273 1875 1368 1916 eius
1401 1875 1612 1923 Pictavis,
1646 1876 1742 1930 ipse
1774 1889 1879 1917 vero

395 1936 604 1974 sanctum
637 1934 806 1987 pascha
838 1934 982 1986 Aquis
1018 1933 1267 1974 celebravit
1309 1936 1355 1974 et
1396 1934 1458 1974 sic
1499 1947 1590 1974 uno
1632 1935 1879 1988 eodemque

394 1992 558 2033 itinere
600 1992 843 2046 Toringam
885 1992 1033 2047 petiit.
1105 1993 1147 2032 A
1188 2006 1277 2046 qua
1318 1992 1596 2033 Lodhuwico
1644 1993 1738 2034 filio
1783 1995 1879 2035 eius

394 2050 538 2105 pulso,
581 2065 662 2105 per
695 2051 879 2092 Sclavos
919 2051 1083 2092 itinere
1119 2052 1356 2106 redempto
1397 2065 1499 2093 eum
1541 2052 1589 2091 in
1623 2052 1877 2093 Baioariam

393 2109 553 2164 fugere
587 2110 821 2164 compulit.
885 2109 985 2161 Quo
1018 2112 1203 2164 peracto
1236 2110 1340 2150 Kal.
1365 2110 1475 2150 Iulii
1507 2111 1564 2151 ad
1588 2110 1876 2164 vangionum
1905 2129 1939 2153 30

339 2167 343 2169 ’
393 2169 552 2210 urbem
588 2171 863 2210 conventum
903 2169 1083 2218 indixit,
1126 2170 1183 2210 ad
1224 2170 1375 2222 quodg
1411 2169 1690 2210 Lodharium
1733 2170 1875 2210 filium

394 2240 525 2268 suum
559 2228 616 2269 ab
650 2228 789 2268 Italia
820 2229 973 2269 venire
1007 2228 1252 2282 praecepit,
1287 2242 1389 2269 cum
1423 2241 1474 2269 eo
1508 2229 1758 2282 ceterisque
1791 2229 1877 2270 sibi

393 2286 590 2327 credulis
623 2287 678 2327 de
711 2287 988 2328 Lodhuwico
1023 2287 1372 2328 deliberaturus.
1436 2286 1640 2340 Cumque
1676 2301 1722 2328 se
1764 2288 1876 2329 haec

393 2346 458 2386 ita
490 2345 725 2387 haberent.
761 2348 807 2387 et
839 2345 1096 2387 Lodharius
1128 2347 1175 2386 in
1209 2346 1361 2390 Italia,
1405 2345 1708 2387 Lodhuwicus
1749 2349 1876 2387 trans

391 2403 582 2453 Renum,
618 2406 664 2446 et
695 2405 890 2446 Karolus
923 2405 971 2445 in
1003 2405 1253 2458 Aquitania
1286 2406 1416 2453 esset,
1451 2400 1770 2446 Lodhuvicush
1800 2406 1876 2446 im—
1903 2421 1936 2446 35

392 2466 574 2517 perator
606 2465 824 2517 paterque
858 2463 1043 2505 illorum
1083 2464 1131 2504 in
1171 2463 1322 2505 insula
1363 2459 1581 2517 quadami
1624 2464 1753 2505 iuxta
1784 2465 1875 2504 Ma-

273 2544 307 2560 ιιι
368 2522 691 2576 .gonciacum²
722 2522 831 2563 XII.
858 2522 961 2563 Kal.
987 2523 1097 2563 Iulii
1129 2523 1266 2572 obiit:
1301 2536 1433 2576 quem
1467 2522 1621 2576 Drogo
1654 2523 1797 2564 frater
1830 2527 1875 2564 et

391 2627 417 2653 n)
440 2623 592 2650 desiderat
610 2626 639 2649 in
654 2623 803 2650 desiderat
824 2627 925 2650 recenti
945 2629 1067 2656 tempore
1086 2629 1234 2650 mutatum.
1305 2626 1334 2658 b)
1350 2626 1483 2657 gratiam,
1505 2633 1531 2650 m
1546 2628 1685 2656 emuncto
1698 2633 1721 2650 c.
1786 2628 1812 2653 c)
1826 2625 1876 2649 lwe

391 2661 450 2684 loco
469 2660 591 2690 fortasse
610 2663 716 2685 lca-tum
737 2668 794 2685 esse
813 2665 977 2692 corruptum
999 2662 1110 2685 simson
1131 2662 1151 2688 I.
1171 2669 1195 2687 c.
1216 2661 1262 2691 ΙΙ,
1278 2669 1310 2692 p.
1326 2662 1388 2693 210,
1406 2663 1470 2688 n.4.
1494 2662 1607 2687 censuit.
1680 2659 1709 2686 d)
1730 2661 1839 2685 litter-ue
1860 2670 1874 2685 11

384 2698 523 2726 punctum
545 2697 619 2725 falso
638 2697 847 2727 superpositum
869 2699 892 2720 et
911 2698 1086 2728 suppositum
1108 2699 1158 2721 est.
1232 2698 1258 2727 c)
1279 2704 1316 2721 uo
1337 2697 1415 2721 uisse
1437 2704 1460 2721 c.
1539 2698 1558 2723 t]
1579 2697 1777 2727 praestolatur
1798 2704 1873 2722 corr.
1900 2699 1936 2723 ⁴0

389 2731 636 2762 praestolabatur.
711 2734 741 2763 g>
761 2732 800 2755 sic
819 2740 841 2756 c.
918 2732 947 2763 h>
967 2733 1006 2756 sic
1026 2732 1076 2756 hoc
1095 2733 1154 2756 loco
1174 2740 1196 2757 c.
1217 2731 1332 2762 (Jaffe').
1407 2732 1427 2756 55
1447 2732 1572 2768 quedam
1594 2739 1617 2756 c.

391 2814 425 2855 1)
453 2813 570 2846 Mense
595 2814 778 2846 Decembri
800 2825 832 2848 α.
851 2816 940 2857 838;
968 2815 1041 2847 vide
1065 2825 1177 2857 supra
1201 2825 1236 2857 p.
1259 2816 1312 2857 10,
1341 2826 1372 2849 n.
1391 2816 1424 2849 3.
1521 2816 1557 2855 2)
1587 2814 1747 2847 Insulam
1775 2814 1875 2847 hodie

388 2860 576 2893 Petersaue
610 2863 827 2894 nominatam
864 2862 975 2902 fuisse
1007 2862 1192 2894 Dz‘ImmIcr
1226 2862 1248 2894 I.
1274 2872 1299 2896 ο.
1327 2862 1357 2902 Ι,
1378 2873 1417 2904 p.
1437 2863 1515 2903 137,
1546 2873 1576 2898 η,
1601 2863 1634 2896 2.
1661 2866 1792 2895 censet:
1825 2863 1872 2902 cf.

389 2907 509 2949 Meyer
536 2918 599 2940 ron
626 2908 782 2940 Knomm
810 2909 830 2943 Ι.
857 2920 882 2943 c.
911 2920 948 2951 p.
971 2910 1027 2943 48.
