2125 3234
364 299 411 333 24
657 294 915 332 NITHARDI
940 291 1302 328 HISTORIARUM
1328 291 1482 326 LIBER
1506 291 1557 327 11.

269 417 490 458 841.tinus
526 416 705 458 obviam
747 415 816 456 illi
858 413 1070 469 perrexit.
1142 412 1269 462 Quae
1310 412 1493 466 quidem
1526 412 1754 454 Lodhario
1795 414 1848 452 ut

365 475 580 516 nuntiata
611 477 731 524 sunt,
766 475 915 515 castra
946 471 1098 525 posuit
1125 483 1176 511 ac
1198 470 1342 511 veluti
1362 470 1494 511 fessis
1527 471 1680 524 equis²
1707 470 1847 511 biduo

365 534 566 587 requiem
599 533 740 574 dedit.
803 532 978 572 Iterato
1010 529 1164 582 itaque
1199 541 1302 569 cum
1344 523 1484 569 haecb
1522 529 1679 569 eadem
1720 529 1847 570 fecis-

366 594 468 634 sent
500 592 746 644 missosque
777 589 971 630 invicem
1012 587 1278 640 frequenter
1319 586 1569 635 mitterent,
1611 587 1690 627 sed
1731 586 1848 626 nihil

367 650 556 704 proficui
617 647 869 690 deliberare
921 647 1129 700 possent,
1191 644 1379 686 tandem
1431 645 1849 699 appropinquantes

366 707 657 750 Lodhuvicus
690 708 736 747 et
768 704 968 746 Karolus
1001 702 1308 745 conveniuntl
1339 702 1484 756 deque
1527 703 1596 744 his
1638 703 1848 744 omnibus

365 768 412 806 in
453 765 611 807 eodem
654 766 903 813 conventu,
949 774 1064 816 quae
1105 761 1361 802 Lodharius
1402 761 1571 815 absque
1612 761 1843 816 quolibetc

366 823 673 865 moderamine
706 835 813 876 erga
841 835 887 863 se
917 833 1110 874 suosque
1132 819 1347 869 seviebat,
1372 819 1568 861 dolendo
1591 820 1848 869 conferunt,

366 882 530 936 quidve
593 881 806 934 deinceps
868 879 1096 933 agendum
1158 879 1428 932 oportunius
1486 878 1739 927 videretur,
1802 879 1849 919 in

366 940 613 982 crastinum
657 938 967 981 deliberaturi.
1044 938 1223 978 Aurora
1263 936 1486 990 siquidem
1533 936 1850 979 delucescente

366 999 657 1047 conveniunt,
700 997 943 1039 concilium
975 996 1151 1043 ineunt,
1192 995 1241 1035 in
1273 1008 1361 1048 quo
1393 994 1591 1035 multum
1632 995 1688 1036 de
1719 997 1851 1036 tanta

367 1057 629 1099 calamitate
653 1056 928 1109 conquirunt
939 1055 966 1094 2.
1004 1054 1207 1107 Cumque
1230 1053 1463 1103 alteruter,
1487 1050 1601 1106 qued
1624 1055 1851 1107 quantave

367 1119 413 1158 et
445 1115 599 1169 qualia
630 1115 751 1168 passi
783 1128 809 1154 a
839 1114 982 1154 fratre
1024 1112 1223 1161 fuerant,
1267 1112 1436 1153 referre
1478 1112 1713 1162 desissent,
1755 1112 1850 1153 uni-

366 1175 504 1216 versis
536 1174 683 1215 visum
714 1172 994 1213 unanimiter
1026 1170 1213 1224 parique
1247 1183 1482 1220 consensu,
1515 1173 1611 1211 tam
1633 1184 1688 1212 ex
1709 1184 1851 1212 sacro-

366 1235 524 1274 sancto
556 1232 714 1273 ordine
747 1231 1057 1285 episcoporum
1094 1243 1229 1283 quam
1261 1231 1308 1270 et
1340 1228 1561 1270 laicorum
1581 1229 1700 1271 viros
1728 1229 1851 1270 nobi-

368 1291 446 1339 les,
481 1291 742 1345 prudentes,
777 1289 1011 1331 benivolos
1045 1288 1264 1342 deligant,
1298 1301 1378 1341 per
1410 1301 1534 1341 quos,
1573 1301 1688 1342 quae
1721 1290 1853 1342 pater

366 1351 488 1392 inter
519 1349 624 1391 illos
656 1351 895 1397 statuerat,
930 1350 976 1389 et
1008 1360 1123 1400 quae
1155 1348 1259 1401 post
1292 1346 1468 1388 obitum
1502 1347 1645 1400 patris
1676 1346 1732 1388 ab
1770 1346 1851 1388 illo

366 1409 487 1463 passi
519 1408 624 1456 sint,
668 1407 933 1456 mandente,
976 1406 1162 1459 insuper
1195 1405 1445 1453 obsecrent,
1487 1407 1540 1445 ut
1581 1418 1752 1446 memor
1793 1406 1852 1446 sit

368 1467 456 1508 Dei
487 1466 814 1520 omnipotentis
847 1467 894 1506 et
926 1464 1147 1505 concedat
1178 1476 1333 1517 pacem
1368 1463 1589 1504 fratribus
1624 1464 1716 1505 suis
1757 1464 1852 1504 uni-

367 1538 582 1578 verseque
635 1524 852 1566 ecclesiae
901 1523 1008 1571 Dei;
1064 1522 1247 1564 cederet
1299 1522 1483 1576 cuique,
1537 1523 1658 1575 quod
1710 1523 1852 1577 patris

366 1578 642 1637 fratrisquef
688 1581 939 1624 consensu3
985 1582 1104 1622 iuste
1149 1580 1423 1630 debebatur;
1470 1581 1657 1635 insuper
1699 1581 1850 1630 etiam,

367 1645 420 1683 ut
451 1643 585 1683 iustis
623 1641 834 1696 precibus
876 1640 1197 1694 acquiesceret,
1240 1639 1489 1681 offerrent&
1524 1639 1594 1680 illi
1635 1640 1852 1694 quicquid

367 1701 538 1754 absque
572 1701 698 1754 equis
731 1702 777 1741 et
809 1699 945 1740 armis
977 1699 1025 1739 111
1057 1698 1267 1740 universo
1300 1698 1504 1740 exercitu
1535 1698 1702 1740 habere
1734 1699 1853 1740 vide-

367 1761 551 1802 bantur.
603 1759 663 1800 Et
695 1759 733 1799 si
765 1758 835 1799 his
858 1757 1043 1799 monitis
1065 1756 1544 1810 obsecrationibusque
1567 1757 1853 1811 acquiescere

368 1818 521 1868 vellet,
555 1817 757 1872 placere;
792 1817 861 1858 sin
895 1816 1041 1865 aliter,
1085 1815 1270 1857 aiebant
1311 1829 1357 1857 se
1390 1816 1544 1858 divino
1577 1829 1630 1857 ex
1668 1830 1853 1858 munere

369 1877 639 1931 suffragium
681 1875 850 1929 absque
884 1875 1023 1916 dubio
1065 1887 1245 1928 sperare
1287 1887 1437 1928 posse,
1480 1875 1517 1915 si
1558 1888 1691 1917 omne
1732 1876 1854 1929 quod

368 1937 539 1976 iustum
580 1938 648 1977 est
679 1934 853 1976 vellent
894 1936 939 1975 et
981 1933 1066 1974 hoc
1107 1933 1242 1974 fratri
1284 1932 1446 1974 offerre
1488 1933 1725 1975 humiliter
1765 1936 1854 1975 stu-

369 1995 542 2036 derent.
606 1993 733 2044 Quae
765 1992 977 2046 quoniam
1012 1992 1174 2033 merito
1205 1994 1307 2034 rata
1334 1991 1622 2042 videbantur,
1645 1993 1855 2047 protinus

369 2053 551 2107 expleta
583 2054 704 2093 sunt.

352 2164 356 2166 .
515 2127 581 2164 10.
645 2123 735 2164 Sed
777 2117 918 2164 haech
954 2121 1098 2163 veluti
1137 2135 1216 2175 pro
1248 2121 1394 2162 nihilo
1428 2121 1567 2163 ducta
1600 2121 1855 2163 Lodharius

370 2183 553 2238 sprevit,
588 2195 668 2236 per
699 2176 826 2223 suosi
859 2193 906 2221 se
936 2179 1055 2221 nihil
1087 2179 1256 2233 absque
1289 2179 1433 2234 prelio
1464 2179 1583 2222 velle
1620 2181 1855 2222 mandavit

370 2241 702 2294 confestimque
750 2239 930 2282 obviam
976 2235 1218 2293 Pippino¹¹‚
1272 2239 1350 2293 qui
1397 2239 1453 2281 ab
1502 2239 1751 2293 Aquitania
1798 2240 1854 2281 ad

369 2300 502 2342 illum
533 2299 760 2348 veniebat,
794 2299 883 2340 iter
904 2297 1110 2352 arripuit.
1165 2296 1298 2348 Quod
1321 2311 1423 2339 cum
1446 2298 1566 2339 otius
1590 2298 1856 2340 didicissent

370 2359 676 2401 Lodhuwicus
709 2359 755 2400 et
786 2357 870 2403 sui,
904 2370 1041 2411 supra
1072 2357 1256 2398 modum
1289 2370 1384 2398 rem
1417 2357 1617 2412 graviter
1656 2358 1857 2400 ferentes

372 2441 427 2446 —
460 2419 592 2460 erant
624 2417 745 2459 enim
776 2415 978 2469 undique
1010 2415 1210 2469 graviter
1240 2417 1336 2456 tam
1368 2415 1545 2458 itineris
1567 2416 1857 2471 longitudine

373 2490 508 2531 quam
556 2479 602 2518 et
649 2474 832 2530 proeliis
875 2474 1099 2528 variisque
1141 2473 1498 2516 difficultatibus
1540 2477 1586 2517 et
1630 2472 1847 2518 1116111116ι

372 2594 401 2624 a)
427 2592 511 2627 cquis
529 2599 552 2616 c.
663 2591 692 2621 b)
719 2596 753 2624 gc
774 2596 849 2615 corr.
871 2589 936 2625 hgc.
1045 2594 1071 2613 c»
1096 2589 1209 2623 qolibet
1235 2596 1310 2615 corr.
1335 2590 1476 2620 quolibet.
1587 2589 1618 2622 d)
1643 2591 1697 2615 alt·
1714 2595 1810 2621 uterq:
1833 2599 1855 2615 r,

372 2628 400 2659 e)
426 2627 567 2652 mandunt
592 2633 668 2651 corr.
695 2625 845 2651 mandent.
946 2624 969 2655 f)
994 2623 1063 2655 pat*
1085 2627 1157 2654 lrsq3
1185 2626 1283 2655 (pater
1309 2625 1484 2655 fratresque)
1512 2633 1533 2652 c.
1632 2628 1661 2657 g)
1687 2626 1812 2651 offeram
1837 2633 1858 2651 c,

373 2663 404 2693 h)
432 2663 505 2687 haec
531 2662 587 2687 hoc
611 2669 634 2687 c.
745 2661 765 2692 i)
794 2660 845 2684 hoc
870 2659 930 2684 loco
955 2659 1080 2690 aliquid,
1108 2660 1231 2688 sortasse
1255 2666 1302 2691 ae,
1329 2667 1440 2685 erasum
1468 2663 1516 2685 est.
1627 2661 1657 2689 k)
1687 2661 1806 2693 pippini
1834 2669 1855 2686 c,

373 2699 394 2729 1)
415 2699 522 2723 mxime
541 2704 615 2722 corr.
638 2696 776 2721 maxime.

376 2781 412 2825 1)
437 2779 516 2814 Non
541 2781 639 2825 lonqe
666 2795 687 2817 a
707 2781 955 2818 cadhellonica
981 2784 1128 2824 civitate,
1154 2786 1326 2826 quantum
1344 2783 1535 2815 coniectare
1552 2780 1626 2813 licet
1637 2791 1650 2820 ;
1676 2781 1719 2821 cf.
1740 2778 1860 2821 Meyer

373 2838 440 2861 ron
466 2828 623 2863 Knonau
649 2832 672 2867 1.
698 2842 724 2866 c..
752 2842 790 2874 p.
818 2831 874 2870 98,
902 2839 936 2862 n.
966 2832 1053 2874 116;
1080 2829 1311 2863 Mz'ihlbacher
1334 2829 1357 2863 I.
1385 2838 1412 2862 c.
1437 2839 1493 2863 nr.
1519 2827 1646 2863 1084&
1720 2827 1756 2866 2)
1785 2827 1859 2859 Hoc

376 2877 488 2908 nescio
514 2888 559 2909 an
584 2879 630 2911 sit
655 2881 934 2922 conqueruntur.
1022 2880 1058 2922 3)
1086 2879 1137 2911 De
1161 2877 1219 2910 his
1244 2876 1357 2910 rerba?
1383 2875 1552 2909 intellec-tu
1578 2874 1786 2916 difficilibus
1811 2873 1860 2914 cf.

377 2922 496 2963 Meyer·
521 2935 585 2957 ron
611 2926 766 2959 Knonau
793 2925 815 2959 Ι.
841 2936 867 2960 c.
893 2937 927 2969 p.
947 2926 1012 2969 26;
1046 2924 1230 2959 Dt'iaenmler
1254 2924 1276 2958 Ῑ.
1303 2933 1328 2957 c.
1352 2934 1388 2965 p.
1410 2924 1489 2963 152,
1516 2933 1550 2955 n.
1571 2924 1600 2957 1.

1878 952 1911 977 10

1878 1244 1911 1269 15

1878 1537 1913 1562 20

1880 1830 1914 1856 25

1882 2137 1916 2162 30

1884 2430 1918 2456 ³5

1884 2702 1920 2726 40
