2125 3234
212 970 246 994 10

216 1140 219 1143 '
269 1131 400 1176 dunt,
435 1130 493 1171 ad
525 1131 675 1170 castra
705 1128 913 1173 redeunt,
946 1127 994 1167 in
1027 1127 1276 1168 crastinum
1310 1126 1364 1167 de
1398 1126 1560 1167 ceteris
1588 1124 1834 1166 delibe-Jnn.
1857 1138 1899 1164 16.

212 1266 246 1291 15

213 1850 250 1876 25

213 2145 251 2171 30

214 2436 252 2462 35

213 2701 254 2726 40

542 306 799 343 NITHARDI
824 305 1190 341 HISTORIARUM
1215 304 1370 340 LIBER
1395 305 1464 342 IV.
1703 307 1749 341 45

269 431 438 472 dicitur
460 443 563 470 cum
589 441 733 482 aequo
759 440 946 468 numero
974 426 1250 480 primoruma
1272 425 1542 473 Lodharius,
1570 425 1843 469 Lodhu-842.

268 489 394 530 vicus
417 490 462 529 et
485 487 683 528 Karolus
716 485 993 528 conveniunt
1026 487 1072 526 et
1103 485 1189 525 hoc
1222 486 1556 524 sacramentum
1589 485 1748 523 mutuo

268 546 356 588 sibi
395 547 675 593 iuraverunt,
709 544 922 586 videlicet
959 546 1011 583 ut
1043 543 1099 583 ab
1132 555 1185 583 ea
1218 537 1316 583 dieb
1355 544 1401 583 et
1434 541 1647 594 deinceps
1689 541 1750 581 in-

268 606 413 646 vicem
455 605 542 646 sibi
575 617 732 658 pacem
765 615 1029 644 conservare
1063 600 1294 649 deberent,
1337 602 1383 641 et
1425 600 1482 640 ad
1514 598 1748 653 placitum.

270 663 390 717 quod
413 663 569 704 fideles
600 662 784 703 illorum
816 660 930 701 inibi
962 659 1243 704 statuissent,
1276 671 1466 713 regnum
1493 671 1625 698 omne
1658 657 1751 698 abs-

270 735 356 775 que
379 721 711 774 Langobmdia,
747 719 956 760 Baioaria
979 720 1025 760 et
1047 717 1295 771 Aquitania
1323 730 1424 757 cum
1452 717 1748 757 sacramento.

269 782 406 834 prout
438 780 625 832 aequius
657 780 855 832 possent,
887 778 936 817 in
960 776 1108 817 tribus
1140 775 1346 830 partibus
1379 776 1449 816 sui
1481 774 1749 818 dividerent.

269 838 523 890 electioque
575 837 774 890 partium
822 836 1023 877 eiusdem
1074 834 1205 888 regni
1253 836 1371 875 esset
1418 833 1656 881 Lodharii;
1706 835 1752 873 et

270 897 463 950 quique⁰
501 895 685 936 illorum
718 896 907 948 partem,
936 907 1072 947 quam
1104 893 1294 946 quisque
1326 892 1566 945 acciperet,
1590 891 1752 944 cuique

271 955 435 996 deinde
468 953 678 995 omnibus
711 953 871 994 diebus
903 952 1024 993 vitae
1057 965 1163 992 suae
1197 963 1462 992 conservare
1486 950 1673 991 deberet
1705 949 1752 989 in

271 1027 336 1063 eo,
371 1013 408 1054 si
440 1013 655 1054 adversus
676 1007 871 1052 fratresd
898 1023 1002 1051 suos
1023 1010 1169 1051 frater
1190 1022 1298 1050 suus
1330 1008 1540 1049 similiter
1565 1008 1751 1048 faceret.

270 1071 372 1122 Quo
411 1071 592 1125 expleto
631 1070 941 1123 adhibitisque
974 1068 1122 1110 verbis
1159 1067 1359 1121 pacificis
1397 1067 1584 1121 pacifice
1617 1066 1753 1107 disce-

270 1189 429 1230 raturi.
494 1187 765 1241 Quanquam
798 1189 843 1228 et
875 1187 922 1227 id
955 1199 1089 1240 aegre
1122 1185 1208 1230 vix,
1241 1187 1396 1225 tamen
1430 1184 1645 1225 effectum
1671 1186 1752 1231 est,

272 1250 343 1288 ete
382 1260 524 1300 usque
557 1246 615 1286 ad
648 1247 936 1293 conventum,
970 1244 1090 1297 quod
1116 1244 1163 1283 in
1187 1243 1291 1283 Kal.
1316 1242 1526 1284 Octobris
1550 1243 1755 1283 condixe-
1773 1258 1832 1283 Ort.
1854 1257 1879 1282 1.

271 1307 389 1353 rant,
427 1305 614 1359 pacifice
647 1304 836 1357 quisque
867 1303 916 1343 in
949 1316 1030 1343 sua
1062 1302 1283 1356 portione,
1308 1315 1397 1354 qua
1429 1301 1582 1349 vellet,
1622 1302 1754 1342 esset.

273 1364 332 1404 Et
364 1363 656 1405 Lodhuvicus
693 1357 905 1416 quidems
943 1361 1199 1409 Saxoniam,
1238 1360 1437 1400 Karolus
1473 1372 1578 1401 vero
1621 1359 1756 1412 Aqui-

271 1423 444 1463 taniam
477 1421 734 1463 ordinaturi
767 1421 952 1469 adeunt,
985 1418 1242 1460 Lodharius
1275 1420 1428 1459 autem
1459 1418 1562 1466 iam,
1596 1420 1649 1458 ut
1671 1417 1757 1458 sibi

273 1481 527 1529 videbatur,
571 1480 626 1522 de
669 1479 892 1521 electione
932 1478 1062 1532 regni
1098 1477 1300 1532 partium
1337 1490 1521 1518 securus
1553 1477 1757 1517 Arduen-

273 1543 409 1581 namg
456 1541 627 1580 venatu
669 1539 787 1592 petit
832 1550 1076 1590 omnesque
1120 1536 1339 1590 primores
1383 1548 1490 1576 suae
1535 1535 1757 1589 portionis

274 1598 444 1653 populi,
479 1598 556 1651 qui
588 1611 614 1638 a
646 1611 706 1646 se,
740 1597 845 1637 dum
881 1609 906 1636 a
927 1609 1067 1648 regno
1090 1590 1283 1643 abireth‚
1316 1594 1588 1636 necessitate
1611 1594 1758 1635 coacti

274 1657 571 1705 desciverant,
616 1655 864 1697 honoribus
906 1654 1115 1709 privavit.
1177 1653 1470 1694 Lodhuvicus
1508 1653 1678 1694 etenim
1709 1653 1757 1692 in

275 1716 471 1756 Saxonia
512 1715 763 1763 seditiosos,
806 1713 885 1767 qui
921 1726 980 1761 se,
1023 1712 1094 1752 uti
1125 1711 1385 1765 praefatum
1418 1713 1499 1760 est,
1534 1711 1759 1764 Stellinga

274 1774 634 1817 nominaverant.
658 1771 888 1820 nobiliter,
912 1771 1052 1824 legali
1073 1773 1228 1811 tamen
1251 1770 1358 1811 cede
1382 1765 1704 1824 compescuiti·
1731 1769 1756 1809 ¹.

276 1832 473 1874 Karolus
500 1845 604 1873 vero
635 1832 684 1872 in
706 1830 1003 1884 Aquitaniam
1026 1829 1272 1883 Pippinum
1303 1828 1505 1882 fugavit;
1540 1842 1628 1882 quo
1660 1827 1759 1868 lati-

275 1895 405 1932 tante
446 1891 566 1932 nihil
604 1890 730 1931 aliud
772 1888 976 1930 notabile
1015 1888 1196 1929 efficere
1228 1887 1387 1936 valuit,
1426 1889 1607 1940 praeter
1638 1887 1760 1940 quod

279 1950 517 1990 Warinum
565 1949 792 2003 quendam
841 1947 1038 1988 ducem2
1085 1949 1368 1999 ceterosque,
1423 1946 1501 1999 qui
1548 1945 1634 1986 sibi
1681 1945 1761 1985 fidi

275 2003 596 2056 videbanturk,
621 2007 698 2062 ‘ob
740 2006 994 2048 custodiam
1039 2005 1240 2046 eiusdem
1285 2004 1460 2058 patriae
1503 2004 1619 2045 inibi
1661 2004 1761 2045 reli-

276 2063 421 2121 quitl.
485 2067 679 2120 Insuper
719 2065 938 2119 ngridus
979 2077 1127 2105 comes
1163 2062 1381 2104 Tolosae3
1413 2074 1445 2104 ⁴e
1482 2062 1666 2117 Pippini
1697 2076 1760 2104 so-

277 2126 370 2175 ciis,
412 2126 491 2179 qui
532 2125 590 2166 ad
631 2138 677 2166 se
718 2123 999 2179 perdendum
1042 2123 1167 2163 missi
1205 2122 1410 2170 fuerant,
1453 2122 1672 2175 quosdam
1713 2121 1762 2161 in

275 2185 453 2226 insidiis
495 2184 663 2238 cepitm‚
707 2183 926 2237 quosdam
967 2181 1143 2222 stravit.
1205 2180 1425 2234 Idemque
1467 2179 1665 2221 Karolus
1704 2180 1762 2220 ad

275 2243 511 2298 placitum,
553 2243 674 2296 quod
717 2256 819 2283 cum
860 2240 1126 2282 Lodhuvico
1166 2239 1309 2280 fratre
1347 2252 1427 2279 suo
1461 2238 1761 2279 Warmatiam

277 2302 563 2350 condixerat,
611 2302 700 2342 iter
747 2300 926 2342 direxit.
1004 2298 1208 2352 Cumque
1256 2298 1415 2339 Mettis
1462 2297 1608 2352 pridie
1656 2297 1851 2347 Kahsepf,
1872 2316 1916 2341 30,

279 2360 489 2402 Octobris
520 2360 732 2408 venisset,
766 2358 1046 2400 Lodharium
1078 2357 1126 2397 in
1158 2356 1270 2398 villa
1300 2356 1514 2397 Teotonis
1545 2356 1760 2410 repperit,

278 2433 366 2472 quo
408 2421 515 2460 ante
557 2419 819 2460 condictum
862 2417 1082 2471 placitum
1124 2417 1312 2457 venerat
1353 2428 1404 2456 ac
1446 2415 1592 2464 aliter,
1627 2428 1762 2468 quam

278 2479 526 2527 statuerat,
569 2477 813 2518 residebat.
886 2474 1033 2526 Quam
1077 2473 1134 2515 ob
1175 2487 1271 2515 rem
1315 2473 1404 2523 his,
1447 2473 1526 2527 qui
1567 2487 1594 2514 a
1633 2475 1762 2527 parte

279 2598 307 2621 a>
329 2592 474 2616 emendam·
493 2591 525 2617 Ο.
547 2591 656 2620 Η.-Ε,;
674 2591 806 2622 priorum
829 2597 852 2615 c.
926 2590 955 2620 b)
983 2587 1020 2614 de
1039 2596 1114 2615 corr.
1134 2586 1192 2613 die.
1273 2588 1298 2619 c)
1318 2588 1358 2612 εἰσ
1376 2595 1400 2612 c.
1415 2595 1472 2619 pro
1493 2588 1618 2618 quisque
1635 2590 1664 2611 ut
1684 2587 1763 2616 infra

277 2628 400 2658 saepius.
481 2625 510 2655 d)
537 2627 623 2650 tratri
649 2630 677 2651 et
703 2634 734 2656 c„
760 2626 835 2657 quod
861 2625 1014 2655 emendat-¹⁸,
1043 2625 1116 2648 sicut
1135 2623 1228 2654 ΡΜΣ,
1255 2623 1304 2649 SS.
1324 2623 1368 2653 ΙΙ,
1384 2630 1412 2654 p.
1435 2623 1497 2654 670,
1517 2630 1544 2648 n.
1567 2629 1604 2653 c.,
1620 2629 1763 2653 proposu—

279 2665 357 2691 erm,-
382 2662 466 2686 aliter
485 2661 627 2685 Schwartz
650 2662 669 2686 l.
690 2669 713 2685 e.
729 2669 762 2692 χ).
783 2661 827 2691 82,
854 2668 880 2686 η,
901 2661 931 2684 1:
953 2657 1096 2684 adversus
1116 2659 1238 2683 fratrem
1259 2663 1287 2683 et
1307 2665 1337 2682 se
1357 2659 1450 2682 trater
1469 2665 1549 2682 suus.
1623 2659 1650 2689 e)
1671 2658 1763 2681 nescio

279 2704 316 2721 an
335 2701 366 2722 ut
387 2697 591 2721 emendandum
609 2697 656 2723 eit.
728 2696 749 2725 f>
770 2694 895 2726 quidaem
914 2702 936 2721 c.
1010 2694 1037 2725 g)
1057 2694 1210 2719 arduenne
1222 2700 1298 2719 corr.
1314 2692 1479 2719 arduenni.
1554 2693 1584 2723 h)
1606 2692 1724 2717 habiret
1739 2699 1762 2716 c.

280 2733 300 2764 i)
320 2736 510 2763 compescunt
531 2739 554 2756 c.
629 2731 661 2762 k)
680 2731 828 2757 uehuntur
849 2738 872 2758 c.
944 2730 964 2760 l)
984 2728 1112 2761 reliquid
1131 2736 1153 2756 c,
1226 2728 1266 2760 tn)
1285 2728 1383 2760 coepit
1401 2735 1425 2753 e.

282 2833 316 2875 1)
346 2831 400 2873 Cf.
427 2833 521 2867 Ann.
552 2831 664 2866 Xant.
691 2841 723 2865 a.
750 2831 832 2873 842,
868 2830 930 2865 SS.
957 2829 1008 2872 II,
1042 2841 1078 2873 p.
1114 2830 1202 2864 227:
1237 2838 1358 2862 servos
1392 2826 1576 2862 Saxonum
1611 2827 1764 2871 superbe

282 2879 394 2912 elatos
419 2878 664 2913 nobiliter
689 2876 831 2912 afflixit.
943 2877 980 2919 2)
1012 2877 1065 2918 Cf.
1090 2886 1206 2920 8upra
1226 2887 1264 2919 p.
1291 2877 1325 2916 8,
1350 2886 1385 2910 n.
1412 2876 1445 2917 2,
1470 2886 1506 2918 p.
1534 2876 1589 2915 17,
1614 2885 1650 2909 n.
1678 2877 1707 2909 1.
1734 2878 1765 2906 et

281 2927 403 2969 Meyer
426 2936 491 2959 ron
517 2927 674 2960 Knonau
702 2926 724 2960 l.
751 2935 777 2960 c.
799 2936 836 2969 p.
865 2926 945 2967 108,
971 2934 1006 2959 π.
1031 2925 1113 2959 267.
1210 2923 1246 2967 3)
1275 2923 1329 2964 Cf.
1356 2922 1441 2957 ibid.
1460 2933 1498 2965 p.
1520 2923 1597 2964 108,
1624 2932 1658 2956 n.
1685 2922 1764 2956 266.
