2125 3234
221 981 255 1005 10

221 1272 254 1298 15

221 1566 256 1591 20

221 1860 255 1884 25

220 2512 254 2538 35

219 2747 254 2772 40

577 300 836 338 NITHARDI
859 300 1222 337 HISTORIARUM
1247 300 1404 336 LIBER
1427 300 1458 337 I.
1739 303 1762 338 5

279 424 460 465 tutione
491 423 589 465 eius
620 422 920 472 laboraverat,
954 421 1180 464 secundus
1211 421 1260 461 in
1289 420 1480 474 imperio
1519 434 1614 462 esse
1646 421 1761 463 vole—
1774 427 1854 462 831.

280 483 381 532 bat3
415 481 534 536 quod
568 481 783 535 quoniam
816 481 1088 530 Bernardus,
1121 479 1191 520 uti
1220 479 1516 533 praemissum
1548 482 1631 524 est,
1653 479 1761 520 olim

279 541 446 590 fuerat,
479 554 655 581 summa
685 540 913 580 industria
942 539 1109 580 iterum
1141 551 1237 579 esse
1270 537 1489 579 certabat.
1542 537 1763 591 Pippinus

279 611 458 653 quoque
490 601 537 640 et
568 598 886 647 Lodhuwicus,
920 598 1207 651 quanquam²²
1234 596 1298 637 eis
1329 609 1483 649 regna,
1517 595 1636 636 sicut
1668 609 1763 650 pro-

281 658 466 698 missum
507 657 673 701 fuerat,
716 658 853 698 aucta
891 656 1088 697 fuissent
1104 655 1131 704 ¹,
1171 657 1327 695 tamen
1366 649 1442 694 inb
1480 653 1670 708 imperio
1711 656 1764 694 ut

279 718 383 770 post
414 718 591 770 patrem
624 715 759 769 primi
791 717 954 765 essent,
988 717 1180 767 uterque
1213 712 1473 761 laborabat3
1508 714 1556 753 at
1577 711 1660 762 illi,
1684 725 1764 767 per

280 787 392 828 quos
423 777 534 815 tunc
567 787 638 816 res
671 773 856 827 publica
889 772 1189 821 tractabatur,
1223 771 1454 813 voluntati
1495 784 1650 812 eorum
1691 771 1763 812 ob-

280 832 516 874 sistebant.

422 906 462 943 4.
525 902 612 944 Per
652 903 773 944 idem
821 904 1002 956 tempus
1043 901 1294 954 Aquitania
1334 899 1530 954 Pippino
1578 899 1857 953 dempta832.

280 961 453 1003 Karolo
485 961 634 1010 datur,
668 963 714 1002 et
745 961 793 1001 in
826 961 922 1001 eius
954 959 1170 1013 obsequio
1211 959 1432 1012 primatus
1472 957 1644 1011 populi,
1686 959 1764 1011 qui

280 1033 383 1061 cum
415 1022 545 1074 patre
577 1019 816 1068 sentiebat,
849 1019 985 1059 iurat.
1038 1017 1169 1068 Quod
1203 1017 1385 1071 quidem
1410 1017 1471 1065 hi,
1494 1029 1606 1070 quos
1627 1028 1764 1070 supra

278 1079 542 1125 retulimus,
585 1079 786 1132 graviter
825 1078 1045 1125 ferentes,
1094 1079 1148 1116 ut
1187 1088 1258 1117 res
1305 1074 1491 1129 publica
1536 1074 1765 1116 inutiliter
1777 1080 1857 1115 833.

279 1140 575 1185 tractaretur,
641 1136 882 1191 divulgant
934 1135 1244 1190 populumque
1296 1134 1425 1188 quasi
1483 1134 1540 1174 ad
1591 1133 1764 1174 iustum

278 1197 483 1250 regimen
520 1195 793 1244 sollicitant3
828 1194 1069 1235 Walanam
1085 1194 1112 1242 ²,
1147 1193 1383 1234 Elisachar
1396 1192 1424 1241 3,
1457 1192 1764 1233 Mathfridum

280 1256 560 1308 ceterosque,
615 1253 693 1307 qui
743 1253 791 1293 in
843 1252 1029 1294 exilium
1079 1252 1246 1293 retrusi
1297 1251 1501 1299 fuerant,
1557 1251 1765 1292 custodia

280 1312 593 1361 emittunt⁰·4;
648 1311 950 1360 Lodharium,
1003 1313 1057 1350 ut
1107 1324 1202 1351 rem
1254 1306 1515 1364 publicamd
1563 1309 1761 1357 invadat,

280 1371 584 1426 compellunt;
618 1371 804 1424 insuper
826 1371 978 1411 autem
1002 1372 1049 1410 et
1071 1368 1342 1422 Gregorium
1364 1368 1568 1409 Romane
1590 1381 1764 1409 summe

281 1430 399 1471 sedis
432 1430 709 1484 pontificem,
743 1431 796 1469 ut
828 1442 910 1470 sua
942 1428 1217 1469 auctoritate
1250 1426 1438 1468 liberius
1471 1427 1592 1480 quod
1619 1427 1764 1481 cupie-

282 1489 394 1530 bant
425 1489 641 1543 perficere
674 1489 872 1542 possent,
906 1487 989 1528 sub
1023 1487 1181 1528 eadem
1214 1486 1388 1540 speeie2
1417 1486 1595 1539 magnis
1627 1486 1764 1539 preci-

282 1548 366 1589 bus
398 1548 445 1588 in
477 1547 846 1602 supplementum
879 1559 986 1587 suae
1018 1545 1270 1586 voluntatis
1303 1547 1553 1585 assumunt,
1618 1543 1766 1594 Quam

282 1607 339 1648 ob
371 1619 468 1647 rem
499 1607 747 1660 imperator
778 1618 869 1645 una
903 1618 1005 1646 cum
1037 1604 1161 1645 omni
1193 1603 1314 1657 quod
1337 1603 1539 1644 habebat
1559 1603 1764 1657 imperio,

281 1670 374 1706 tres
405 1678 534 1718 reges
567 1664 740 1717 filiique
774 1664 870 1705 eius
903 1663 1117 1704 adversus
1151 1676 1251 1703 eum
1287 1675 1389 1703 cum
1426 1662 1605 1714 ingenti
1647 1675 1764 1703 exer-

281 1724 390 1773 citu,
433 1724 620 1777 insuper
660 1736 779 1777 papa
821 1721 1067 1775 Gregorius
1110 1734 1212 1762 cum
1255 1721 1378 1760 omni
1421 1720 1641 1761 comitatu
1682 1720 1766 1760 Ro-

280 1795 415 1823 mano
457 1782 678 1822 Elisazam
727 1781 966 1822 confluunt
1011 1780 1229 1833 iuxtaque
1276 1781 1477 1820 montem
1520 1778 1768 1832 Sigwaldi5

281 1843 430 1882 castra
476 1842 654 1895 ponunt
701 1854 752 1881 ac
799 1839 935 1880 variis
983 1838 1304 1880 affectionibus
1352 1837 1595 1891 populum,
1640 1840 1693 1878 ut
1741 1851 1766 1878 a

280 1903 410 1954 patre
444 1900 670 1948 deficeret,
705 1899 789 1939 filii
830 1897 1126 1952 compellunt.
1198 1896 1452 1938 Novissime
1493 1896 1764 1950 quibusdam

279 1959 394 2013 fuga
433 1958 586 2012 lapsis,
626 1972 728 1999 cum
770 1957 1008 2011 perpaucis
1050 1958 1181 2010 pater
1218 1955 1419 2010 capitur;
1461 1969 1573 1997 uxor
1615 1955 1671 1996 ab
1714 1969 1765 1996 eo

281 2018 468 2072 dempta
513 2017 562 2057 in
609 2015 976 2070 Langobardiam
1025 2014 1160 2056 exilio
1208 2014 1422 2063 mittitur,
1472 2028 1523 2055 ac
1566 2014 1765 2055 Karolus

280 2090 374 2116 una
403 2090 506 2117 cum
529 2078 660 2129 patre
688 2075 770 2115 sub
795 2087 960 2128 magna
987 2073 1195 2115 eust-odia
1218 2075 1423 2114 servatur
1437 2072 1465 2112 ⁶.
1519 2072 1765 2126 Gregorius

282 2135 504 2188 siquidem
557 2148 676 2188 papa
725 2128 940 2174 itenerisf
992 2132 1261 2187 penitudine
1309 2134 1543 2186 correptus
1589 2131 1766 2173 tardius

279 2274 307 2294 a)
328 2273 476 2298 quaquam
496 2273 570 2291 corr.
594 2273 772 2296 quanquam.
856 2265 885 2293 b)
905 2270 936 2289 ut
956 2273 978 2290 c.
1065 2266 1091 2297 c)
1111 2264 1244 2289 cu÷tudie
1264 2265 1384 2289 mittunt
1403 2271 1425 2290 c.
1513 2262 1543 2295 d)
1563 2263 1721 2295 plublicam
1743 2270 1766 2287 c.

279 2310 307 2331 e,
328 2303 428 2341 specie
447 2309 469 2327 c.
545 2302 558 2326 f
589 2301 709 2326 iteneris
731 2308 804 2326 corr.
826 2301 950 2325 itineris.

282 2409 318 2450 1)
367 2408 420 2441 De
468 2417 536 2450 quo
584 2416 775 2449 reynorum
826 2410 1015 2448 auymento
1063 2407 1107 2447 cf.
1159 2405 1391 2438 Mz‘ihlbacher
1441 2406 1463 2440 l.
1506 2416 1532 2440 c.
1580 2416 1636 2441 nr.
1677 2406 1767 2448 8823

281 2454 466 2488 Dammler
493 2455 514 2489 l.
541 2465 568 2489 c.
594 2454 625 2496 I,
653 2465 690 2496 p.
718 2455 774 2494 62,
808 2464 841 2488 n.
867 2455 899 2488 2.
1014 2453 1050 2495 2)
1081 2452 1248 2485 Abbatem
1275 2453 1522 2488 Corbeiensem,
1634 2453 1670 2495 3)
1698 2454 1768 2486 Ab·

281 2502 404 2543 batem,
432 2505 538 2534 antea
566 2501 827 2534 cancellarium.
948 2500 984 2543 4)
1020 2500 1083 2532 Ex
1117 2501 1173 2540 iis,
1210 2510 1297 2543 quae
1331 2501 1427 2534 Arm.
1454 2500 1592 2534 Bertin.
1628 2510 1660 2535 α.
1687 2501 1767 2539 832,

281 2549 343 2584 SS.
371 2549 413 2583 R.
444 2548 486 2583 G,
516 2559 554 2591 p.
582 2550 614 2589 5,
648 2549 689 2580 de
713 2547 919 2588 Mathfrido
945 2547 1118 2588 referunt,
1144 2546 1283 2580 Simson
1317 2547 1339 2579 l.
1366 2556 1392 2581 c.
1425 2546 1478 2587 II,
1504 2557 1542 2590 p.
1568 2548 1601 2581 4.
1628 2557 1768 2580 errasse

280 2600 390 2630 censet
415 2595 647 2635 Nithardnm,
683 2596 745 2637 qui
767 2595 868 2627 illum
894 2596 932 2627 in
957 2595 1104 2627 exilium
1140 2595 1287 2627 nn'ssum
1314 2604 1383 2627 esse
1407 2594 1512 2628 dicat.
1565 2592 1660 2626 Wala
1685 2604 1769 2637 quo-

280 2654 344 2687 que
383 2643 446 2676 hoc
483 2646 636 2685 tempore
672 2652 710 2674 ez
747 2641 854 2675 exilio
890 2643 963 2673 iam
997 2642 1035 2673 in
1073 2643 1326 2674 monasterium
1362 2651 1464 2674 suum
1503 2650 1663 2674 reversus
1699 2651 1769 2674 esse

281 2691 439 2728 videtum·
469 2691 512 2731 cf.
538 2689 655 2721 Vitam
682 2688 802 2721 ll‘alae
827 2693 918 2723 auct.
944 2688 1122 2721 Radberto
1151 2689 1174 2723 l.
1205 2688 1256 2729 II,
1294 2698 1320 2722 c.
1349 2689 1404 2728 14,
1439 2688 1502 2721 SS.
1530 2687 1581 2729 H,
1613 2698 1652 2730 p.
1678 2689 1767 2730 560;

280 2737 468 2771 Dammzer
496 2737 518 2771 l.
545 2746 571 2771 c.
604 2736 634 2777 I,
667 2746 704 2778 p.
732 2737 788 2770 70.
886 2736 922 2778 5)
951 2736 985 2768 A
1012 2735 1193 2768 Cohnaria
1217 2736 1485 2779 septentrionem
1510 2738 1542 2766 et
1567 2735 1767 2768 occidentem

280 2795 412 2826 versus,
439 2784 500 2817 ubi
523 2783 625 2816 hodie
644 2784 740 2816 vicus
757 2784 896 2815 nomine
913 2781 1144 2824 Siyolsheirm
1169 2783 1214 2823 cf.
1235 2782 1470 2815 Mdhlbachet·
1489 2782 1510 2816 l.
1528 2792 1556 2817 c.
1580 2792 1637 2816 nr.
1656 2783 1768 2820 9250,-

280 2831 467 2865 Da'immler
488 2831 510 2865 l.
529 2842 555 2865 c.
575 2830 605 2872 I,
628 2841 664 2873 p.
681 2832 737 2870 77,
766 2841 799 2862 n.
817 2831 850 2864 4.
936 2830 973 2872 6)
999 2828 1108 2862 Patri
1131 2830 1229 2873 apud
1253 2829 1289 2863 S.
1308 2829 1522 2863 Medardum
1547 2829 1680 2862 incluso
1706 2831 1768 2870 (cf.

279 2888 393 2921 supra
423 2890 461 2922 p.
488 2880 522 2918 4,
557 2889 590 2912 n.
619 2879 656 2915 1)
685 2876 850 2910 Karolus
874 2876 1017 2910 ablatus
1043 2878 1080 2909 in
1106 2875 1295 2909 Prumiam
1321 2878 1572 2910 monasterimn
1605 2876 1768 2909 deductus

279 2929 350 2963 θεὴ
374 2925 421 2966 cf.
449 2925 586 2958 Simson
614 2925 634 2958 I.
653 2935 680 2957 c.
707 2924 759 2965 II,
781 2936 820 2966 p.
839 2925 895 2964 63,
918 2935 952 2958 n.
974 2926 1004 2958 1.
