2125 3234
223 992 257 1017 10

227 1284 260 1309 15

230 1578 265 1602 20

233 1870 266 1894 25

148 1929 193 1961 '1²-
202 1929 265 1955 669.

234 2163 268 2188 30

237 2403 271 2428 35

236 2579 272 2603 40

239 2857 274 2882 45

559 318 815 354 NITHARDI
839 317 1202 355 HISTORIARUM
1225 319 1381 356 LIBER
1404 320 1474 356 lv.
1710 323 1755 357 41

279 441 554 481 eteeteraa.
642 448 1855 482 842

278 497 450 538 Karolo
485 492 618 538 verob

420 571 460 607 2.
515 566 690 618 Quibus
722 568 944 622 peractisc
983 568 1149 622 quique
1185 567 1370 608 illorum
1402 581 1426 609 e
1458 568 1642 622 populo,
1683 570 1760 622 qui

280 639 326 667 se
370 627 588 679 sequutus
631 629 717 674 est,
763 627 963 680 suscepit
1009 640 1061 667 ac
1108 626 1213 673 sibi,
1261 628 1314 666 ut
1355 626 1568 681 deinceps
1615 627 1762 668 fidelis

280 686 410 732 esset,
454 687 736 725 sacramento
778 684 987 725 firmavit.
1051 684 1111 725 Et
1142 684 1340 725 Karolus
1373 685 1556 738 quidem
1588 686 1761 726 Mosam

279 755 471 796 regnum
503 755 634 783 suum
657 743 950 784 ordinaturus
971 743 1165 791 traiecit,
1191 742 1481 785 Lodhuvicus
1503 757 1608 785 vero
1632 744 1763 785 Saxo-

281 813 443 841 norum
476 813 612 841 causa
645 800 880 842 Coloniam
913 802 1049 856 petiit
1064 801 1089 841 ¹.
1153 800 1355 852 Quorum
1389 816 1518 843 casus
1550 803 1763 856 quoniam

281 859 499 900 maximos
551 872 646 900 esse
698 860 941 913 perspicio,
994 861 1349 914 praetereundos
1400 861 1585 902 minime
1637 864 1763 914 puto.

283 917 481 958 Saxones
523 917 726 970 quidem,
774 918 893 959 sicut
939 918 1160 959 universis
1223 918 1451 973 Europam
1493 919 1765 973 degentibus

282 978 425 1030 patet,
459 975 657 1016 Karolus
679 976 875 1030 Magnus
906 976 1156 1030 imperator
1181 977 1237 1017 ab
1260 977 1481 1018 universis
1504 978 1765 1019 nationibus

283 1048 376 1075 non
406 1034 620 1075 inmerito
651 1035 870 1076 vocatus²
903 1035 960 1076 ab
991 1035 1218 1075 idolorum
1249 1049 1367 1076 vana.
1399 1035 1580 1077 cultura
1620 1035 1766 1076 multo

284 1107 336 1134 ac
369 1093 546 1134 diverso
577 1093 734 1134 labore
769 1093 826 1134 ad
858 1107 1009 1134 veram
1044 1093 1131 1135 Dei
1163 1093 1560 1147 Christianamque
1591 1093 1767 1148 religio-

285 1164 388 1192 nem
422 1152 662 1192 convertit.
726 1151 815 1202 Qui
856 1152 912 1193 ab
945 1152 1078 1193 initio
1110 1155 1206 1193 tam
1247 1152 1423 1194 nobiles
1455 1166 1589 1206 quam
1623 1155 1669 1194 et
1710 1153 1767 1193 ad

285 1209 408 1251 bella
448 1209 776 1264 promptissimi
816 1210 973 1251 multis
1017 1211 1192 1251 inditiis
1234 1224 1448 1265 persaepe
1491 1211 1767 1253 claruerunt.

287 1267 384 1318 Que
431 1281 542 1321 gens
590 1268 736 1308 omnis
782 1269 830 1308 in
873 1269 1022 1309 tribus
1069 1269 1305 1310 ordinibus
1349 1270 1493 1310 divisa
1538 1270 1767 1311 consistit:

287 1328 394 1367 sunt
426 1326 595 1367 etenim
627 1326 748 1367 inter
778 1326 882 1367 illos
905 1327 982 1380 qui
1014 1324 1316 1381 edhilinguid‚
1351 1330 1457 1368 sunt
1480 1329 1557 1381 qui
1578 1328 1768 1382 frilingi,

288 1386 396 1426 sunt
442 1385 520 1438 qui
566 1384 676 1425 lazzi
724 1384 910 1426 illorum
961 1385 1120 1439 lingua
1167 1386 1403 1435 dicuntur;
1452 1386 1619 1427 Latina
1664 1400 1770 1428 vero

288 1443 447 1497 lingua
473 1443 558 1484 hoc
584 1445 712 1484 sunt:
741 1443 929 1493 nobiles,
957 1444 1213 1497 ingenuiles
1239 1446 1376 1498 atque
1403 1445 1587 1486 serviles
1601 1445 1628 1484 3.
1682 1445 1771 1486 Sed

290 1515 394 1556 pars
425 1501 622 1551 illorum,
656 1515 771 1555 quae
802 1502 970 1543 nobilis
1001 1503 1122 1543 inter
1153 1502 1256 1544 illos
1282 1503 1491 1553 habetur,
1524 1504 1572 1544 in
1595 1504 1771 1544 duabus

290 1560 496 1615 partibus
547 1561 596 1600 in
643 1561 921 1602 dissensione
968 1561 1186 1602 Lodharii
1238 1575 1289 1602 ac
1340 1562 1536 1602 fratrum
1588 1576 1772 1603 suorum

291 1619 447 1667 divisa,
489 1632 670 1672 unaque
709 1633 864 1661 eorum
897 1620 1190 1669 Lodharium,
1233 1620 1379 1661 altera-
1410 1634 1514 1662 vero
1548 1620 1772 1662 Lodhuvi-

291 1690 395 1719 cum
427 1679 584 1719 secuta
615 1680 695 1718 est.
759 1678 845 1718 His
880 1678 946 1719 ita
978 1691 1024 1719 se
1057 1678 1345 1727 habentibus,
1380 1692 1568 1720 cernens
1600 1680 1774 1720 Lodha-
1787 1684 1868 1719 841.

290 1736 397 1785 rius,
431 1736 552 1789 quod
579 1738 683 1790 post
707 1736 946 1777 victoriam
977 1737 1172 1777 fratrum
1206 1737 1415 1791 populus,
1450 1738 1528 1791 qui
1560 1751 1662 1779 cum
1694 1738 1774 1779 illo

291 1794 458 1844 fuerat,
487 1795 678 1836 deficere
702 1794 854 1844 vellet,
878 1795 1014 1835 variis
1040 1796 1390 1837 necessitatibus
1417 1797 1643 1846 astrictus,
1672 1811 1775 1850 quo-

293 1866 488 1907 cumque
508 1856 555 1894 et
576 1854 997 1907 quomodocumque
1020 1856 1215 1908 poterat,
1238 1854 1491 1895 subsidium
1513 1855 1774 1909 quaerebat.

294 1911 436 1953 'Hinc
468 1925 563 1953 rem
596 1911 828 1966 publicam
869 1913 917 1952 in
955 1913 1148 1967 propriis
1189 1913 1347 1954 usibus
1377 1914 1625 1962 tribuebat,
1668 1915 1774 1955 hinc

293 1970 566 2024 quibusdam
589 1970 851 2012 libertatem
870 1971 1023 2019 dabat,
1047 1971 1317 2024 quibusdam
1342 1974 1496 2013 autem
1519 1975 1621 2026 post
1641 1973 1777 2014 victo-

292 2029 406 2070 riam
448 2042 494 2070 se
527 2029 742 2070 daturum
779 2029 1091 2083 promittebat,
1134 2030 1241 2071 hinc
1275 2030 1410 2072 etiam
1453 2031 1501 2071 in
1534 2031 1776 2073 Saxoniam

295 2088 419 2129 misit
464 2087 666 2142 frilingis
711 2088 1012 2142 lazzibusque,
1060 2102 1252 2142 quorum
1298 2090 1480 2130 infinita
1526 2090 1777 2131 multitudo

296 2149 377 2196 est,
404 2147 690 2200 promittens,
718 2147 756 2187 si
782 2160 936 2188 secum
963 2148 1199 2197 sentirent,
1227 2150 1279 2188 ut
1305 2148 1466 2202 legem,
1494 2162 1629 2202 quam
1657 2151 1777 2190 ante-

294 2259 323 2291 a)
348 2261 435 2284 trium
461 2260 602 2284 linearum
626 2260 750 2291 spatium
776 2263 866 2291 vacat,
893 2261 966 2292 quod
991 2268 1013 2288 ε,
1032 2261 1117 2285 XVI.
1139 2268 1248 2292 manus,
1274 2261 1397 2290 fortasse
1415 2262 1535 2293 Pithon]
1558 2262 1704 2287 Histoe-iae
1723 2270 1780 2293 rey.

294 2295 411 2327 franc„
436 2295 563 2326 Bouque‘t
590 2296 640 2322 SS.
663 2295 728 2326 1'11,
748 2303 781 2326 p,
801 2297 862 2326 259,
889 2296 979 2320 lotum
1000 2303 1052 2327 quo
1078 2297 1111 2321 de
1131 2300 1219 2327 pacto
1240 2297 1410 2321 Vir-dunensi
1434 2298 1530 2328 agitur
1553 2298 1604 2328 (cs.
1626 2298 1781 2328 Beqinonts

295 2331 400 2356 Chron.
421 2338 449 2356 α.
469 2331 531 2362 842,
558 2331 608 2355 SS.
630 2331 664 2356 R.
687 2331 720 2355 G.
738 2339 770 2361 p.
788 2331 832 2358 751
853 2331 1013 2355 exscribens
1033 2332 1073 2355 ita
1092 2332 1230 2362 est-ptem.-
1257 2332 1407 2357 Ludovico
1427 2332 1584 2357 orientalia
1610 2340 1700 2364 regna
1719 2340 1780 2358 ces-

296 2369 408 2397 serunt,
435 2367 528 2391 omnis
554 2366 667 2391 scilieet
693 2366 854 2391 Germania
879 2374 972 2397 usque
997 2365 1034 2391 ad
1061 2368 1142 2397 regni
1168 2368 1223 2395 (sic
1249 2374 1272 2391 c.
1294 2374 1352 2398 pro
1372 2368 1482 2399 Rheni)
1500 2368 1610 2393 fluenta
1630 2373 1659 2393 et
1682 2369 1780 2399 aliqu-s

295 2401 431 2426 civitates
458 2404 539 2426 trans
558 2401 695 2426 Rhenum
715 2409 780 2426 cum
800 2402 1005 2426 adiacentibus
1025 2403 1117 2433 pagis.
1196 2402 1226 2434 b)
1251 2405 1308 2427 tres
1327 2403 1416 2427 lineas
1435 2410 1540 2428 vacuas
1558 2405 1653 2428 eadem
1679 2411 1782 2428 manus

297 2436 420 2460 indidem
440 2437 480 2460 ita
499 2437 612 2466 explere
630 2439 730 2460 conata
750 2440 799 2467 est,
820 2437 929 2461 Karolo
949 2438 979 2461 in
999 2437 1126 2462 Karolus
1152 2440 1275 2461 mutato.-
1299 2438 1414 2469 accepit
1434 2436 1630 2463 occidentalia
1649 2446 1738 2469 regna
1764 2447 1781 2463 a

297 2471 468 2496 Britannico
494 2478 606 2496 oceano
631 2479 725 2502 usque
750 2471 788 2497 ad
816 2472 928 2496 Mosam
954 2472 1086 2503 fluvium,
1112 2473 1141 2497 in
1168 2479 1226 2503 qua
1250 2477 1334 2504 parte
1361 2480 1397 2498 ex
1417 2478 1486 2498 tuuc
1511 2477 1540 2498 et
1565 2472 1652 2499 modo
1674 2482 1781 2499 nomen

296 2506 424 2531 Francic
450 2507 600 2531 remansit.
640 2507 681 2536 Cf.
703 2507 798 2538 Meyer
818 2515 870 2531 von
889 2507 1014 2532 Knonau
1040 2508 1059 2533 l.
1083 2515 1104 2534 e.
1125 2515 1158 2537 p.
1180 2508 1240 2538 121,
1267 2515 1295 2532 n.
1315 2508 1382 2539 4843
1409 2508 1605 2539 Miihlbacher,
1633 2510 1783 2534 ‘Deutsche

299 2541 396 2568 Gesch.
422 2544 503 2565 unser
521 2541 574 2565 den
595 2540 711 2567 Karol.'
732 2549 765 2573 p.
786 2543 847 2569 443.
938 2544 962 2572 c)
991 2549 1042 2573 per
1067 2543 1156 2571 actim
1182 2549 1258 2568 corr.
1285 2550 1338 2575 per
1362 2544 1447 2570 actis.
1531 2542 1560 2571 d>
1586 2545 1629 2568 9ιί-
1656 2545 1781 2575 legerunt

296 2575 423 2607 Lebaque
447 2580 472 2601 et
491 2576 610 2607 Homer,
636 2577 721 2601 aliter
746 2577 785 2605 W.
804 2578 935 2609 Aomdt),
956 2578 1092 2604 ‘Licet-ar.
1113 2576 1309 2603 ceneralblau'
1328 2586 1355 2605 a.
1374 2579 1453 2610 1882,
1473 2579 1525 2604 eol.
1546 2580 1613 2604 959:
1636 2580 1781 2612 etdilingj.

298 2659 334 2701 1)
355 2658 478 2701 Ibique
497 2658 637 2702 pascha
655 2660 763 2702 (Apr-
780 2660 833 2701 2.)
857 2659 1050 2701 celebravit,
1077 2661 1120 2701 cf.
1139 2661 1234 2695 Ann.
1254 2661 1390 2696 Bet-tin.
1419 2672 1450 2696 a.
1469 2663 1550 2702 842,
1579 2662 1600 2696 ἶ.
1619 2673 1644 2697 c.
1670 2673 1704 2705 p.
1725 2663 1782 2697 27.

297 2706 335 2748 2)
360 2705 495 2738 Eadem
527 2707 601 2747 fere
633 2705 739 2739 cerba
772 2716 884 2748 supra
910 2705 931 2740 l.
958 2706 987 2748 I,
1013 2717 1039 2741 c.
1061 2709 1091 2742 1.
1199 2708 1236 2750 3)
1262 2708 1314 2740 De
1339 2708 1395 2741 his
1420 2709 1606 2742 ordinibus
1638 2708 1721 2741 Vita
1753 2719 1781 2744 8.

298 2752 459 2794 Lebuini,
485 2753 547 2787 SS.
567 2753 619 2793 II,
639 2765 678 2796 p.
696 2753 776 2793 361,
804 2753 926 2786 iisdem
944 2755 1017 2794 fere
1043 2753 1176 2795 vet-(11⁸8,-
1201 2755 1376 2796 similiter,
1402 2756 1460 2789 sed
1485 2757 1614 2789 rectius
1637 2755 1782 2791 Transz.

298 2809 327 2834 s.
345 2799 550 2833 Alexandri
574 2799 594 2833 l.
613 2810 639 2834 c.
662 2811 700 2843 p.
719 2801 809 2843 6753
835 2800 875 2833 de
891 2800 1017 2843 quibus
1036 2812 1062 2835 v.
1077 2801 1240 2843 praefat.
1273 2801 1388 2835 Lazzi
1404 2813 1474 2836 non
1490 2804 1591 2844 servi,
1608 2803 1669 2836 sed
1685 2804 1784 2835 semi-

300 2845 400 2880 liberi
423 2850 506 2879 eunt
529 2848 643 2881 (Ann.
669 2847 775 2882 Fuld.
803 2857 836 2881 a.
854 2848 934 2889 842,
961 2847 982 2881 l.
1009 2858 1036 2882 c.
1056 2859 1095 2890 p.
1114 2850 1178 2883 33:
1205 2848 1346 2892 liberti;
1381 2851 1478 2884 Arm.
1504 2850 1617 2884 Xant.
1644 2860 1676 2884 a.
1702 2851 1784 2885 841.

298 2893 380 2935 842,
406 2893 468 2928 SS.
494 2893 547 2934 II,
573 2904 612 2936 p.
639 2894 729 2928 227:
756 2893 888 2937 servi)‚·
913 2894 959 2935 cf.
985 2894 1220 2928 Maehlbacher
1246 2895 1267 2930 l.
1293 2905 1319 2931 c.
1347 2907 1404 2932 nr.
1429 2897 1575 2940 1084k;
1599 2897 1786 2930 Diimmler

300 2939 320 2975 l.
348 2949 374 2975 c.
395 2950 434 2983 p.
455 2941 534 2982 164,
558 2951 594 2976 n.
617 2942 650 2976 3.
