2125 3234
472 290 727 328 NITHARDI
751 291 1115 327 HISTORIARUM
1139 291 1295 327 LIBER
1318 291 1348 328 1.
1374 291 1426 327 11.
1651 294 1694 328 13

212 412 450 466 episcopus
482 414 620 466 atque
652 412 1043 467 archicapellanus
1076 412 1172 453 eius
1203 412 1362 453 Mettis
1395 413 1581 454 civitate
1613 426 1694 454 sua
1707 417 1789 451 840.

213 471 334 525 apud
367 470 587 512 Sanctum
619 470 868 512 Arnulfum
899 484 991 511 una
1025 484 1129 512 cum
1170 470 1406 525 episcopis,
1449 470 1694 512 abbatibus

213 529 546 583 comitibusque
578 543 779 584 congruo
812 530 981 571 honore
1024 528 1257 583 sepulture
1298 528 1504 570 tradidit.
1568 528 1694 569 Vixit

212 601 293 641 per
324 601 466 629 annos
488 588 594 628 IIII
623 591 669 630 et
698 588 781 629 LX
796 589 822 638 ¹,
856 588 973 630 rexit
995 588 1291 641 Aquitaniam
1323 601 1404 642 per
1436 601 1577 628 annos
1601 587 1694 627 VII

166 659 188 684 ⁵
213 648 259 687 et
291 646 426 687 XXX
441 647 467 696 ²,
509 646 745 700 imperiale
777 660 882 688 vero
924 658 1091 687 nomen
1124 659 1204 700 per
1236 659 1378 687 annos
1401 645 1494 687 VII
1527 648 1574 687 et
1605 646 1695 686 XX

212 706 259 745 et
290 717 372 758 per
402 718 578 746 menses
609 718 686 746 sex
718 705 933 746 obtinuit.

639 853 858 901 LIBER
892 851 1274 902 SECUNDUS.

353 946 593 1001 Explicitis
641 961 722 1001 pro
769 949 975 1001 tempore
1023 960 1074 987 ac
1116 946 1287 987 viribus
1329 946 1689 988 dissensionum⁸

210 1007 465 1046 vestrarum
496 1005 653 1054 initiis,
688 1019 712 1047 e
744 1006 909 1060 quibus
941 1005 1109 1059 quique
1150 1004 1295 1046 lector
1336 1005 1449 1046 scire
1493 1005 1692 1059 cupiens,

150 1082 186 1106 ιο
211 1077 346 1117 quam
379 1064 436 1105 ob
469 1078 564 1106 rem
607 1067 709 1119 post
750 1065 928 1106 obitum
969 1064 1112 1118 patris
1147 1064 1287 1105 vestri
1319 1063 1576 1105 Lodharius
1617 1077 1695 1105 vos

210 1122 491 1177 fratremque
533 1124 740 1178 persequi
781 1124 1009 1172 statuerit,
1054 1123 1282 1171 decernat,
1325 1122 1514 1176 colligat
1556 1125 1614 1169 et,
1658 1123 1696 1163 si

210 1181 328 1222 iuste
370 1182 538 1236 egerit,
581 1184 847 1236 cognoscat,
890 1182 998 1222 hinc
1038 1182 1151 1229 iam,
1196 1195 1285 1235 qua
1325 1182 1498 1222 virtute
1539 1195 1591 1222 ac
1632 1181 1695 1221 in-

210 1239 386 1280 dustria
418 1240 503 1281 hoc
538 1243 775 1282 exsecutus
808 1241 880 1289 sit,
914 1243 1051 1294 prout
1083 1240 1300 1281 memoria
1330 1235 1564 1294 viresqueb
1596 1253 1695 1293 sup-

209 1297 449 1351 pleverint,
483 1301 642 1340 notare
675 1298 855 1340 curabo.
904 1298 996 1340 Vos
1027 1312 1133 1340 vero
1167 1297 1479 1347 difficultates,
1504 1312 1618 1352 quae
1642 1312 1695 1339 ex

149 1373 184 1398 15
209 1356 368 1398 eadem
400 1357 609 1398 molestia
642 1357 860 1411 parvitati
893 1370 1018 1398 meae
1051 1356 1328 1406 obstiterint,
1366 1357 1589 1411 inspicere
1623 1357 1696 1398 de-

209 1429 344 1468 posco
378 1417 436 1465 et,
482 1416 520 1457 si
551 1416 661 1470 quid
692 1417 741 1457 in
772 1417 858 1458 hoc
891 1429 1026 1470 opere
1059 1415 1314 1469 neglexero,
1348 1418 1401 1456 ut
1432 1415 1692 1470 ignoscatis,

209 1487 388 1527 quaeso.

355 1548 390 1584 1.
460 1546 664 1587 Audiens
707 1545 962 1587 Lodharius
1010 1547 1186 1599 patrem
1227 1558 1359 1585 suum
1401 1544 1547 1586 obisse
1595 1552 1790 1587 con-840.

208 1603 363 1644 festim
405 1605 593 1645 nuntios
634 1604 826 1658 ubique,
869 1604 1105 1658 presertim
1149 1617 1228 1658 per
1268 1606 1414 1644 totam
1456 1603 1694 1644 Franciam

147 1679 184 1703 20
209 1661 366 1711 mittit,
401 1663 479 1716 qui
511 1676 558 1704 se
590 1665 834 1704 venturum
866 1663 914 1703 in
945 1663 1200 1716 imperium,
1234 1662 1354 1715 quod
1392 1661 1502 1702 olim
1542 1662 1695 1704 fuerat

207 1719 278 1760 illi
320 1721 491 1771 datum,
536 1722 790 1771 affirment,
835 1721 1107 1775 promittens
1145 1720 1391 1774 unicuique
1433 1722 1628 1762 honores
1669 1735 1695 1761 a

208 1781 338 1833 patre
381 1793 616 1822 concessos
658 1794 704 1821 se
747 1780 993 1821 concedere
1037 1782 1083 1820 et
1125 1779 1306 1820 eosdem
1354 1793 1522 1832 augere
1563 1779 1693 1821 velle.

208 1837 385 1880 Dubios
426 1852 605 1893 quoque
646 1839 779 1880 fidei0
818 1840 1102 1880 sacramento
1135 1838 1305 1879 firmari
1336 1838 1590 1892 praecepit;
1632 1838 1695 1879 in·

208 1909 344 1952 super
375 1901 530 1939 autem
561 1898 706 1947 iussit,
750 1900 816 1946 ut,
859 1897 1124 1951 quantotius
1165 1900 1361 1951 possent,
1404 1897 1585 1937 obviam
1625 1897 1695 1937 illi

148 1971 183 1997 2⁵
209 1956 530 2009 procederent,
589 1956 853 1998 nolentibus
904 1969 1010 1996 vero
1063 1955 1259 2010 capitale
1312 1956 1587 2010 supplicium
1642 1959 1695 1996 ut

208 2015 561 2068 praediceretur,
595 2015 783 2065 indixit;
822 2015 919 2069 ipse
953 2017 1106 2056 autem
1139 2015 1481 2069 pedetemptim,
1527 2028 1615 2068 quo
1647 2027 1694 2056 se

207 2086 279 2114 res
310 2076 521 2122 verteret,
556 2076 801 2128 antequam
825 2073 965 2127 Alpes
999 2073 1250 2121 excederet,
1274 2073 1387 2115 scire
1409 2069 1594 2115 volensd
1615 2104 1624 2113 .
1649 2104 1658 2113 .
1684 2104 1694 2113 .

209 2131 330 2187 Ergo
363 2133 616 2188 cupiditate
647 2135 911 2187 terroreque
943 2132 1090 2173 illecti
1122 2132 1324 2185 undique
1356 2132 1414 2173 ad
1439 2131 1571 2172 illum
1595 2146 1694 2173 con-

208 2191 383 2241 fluunt;
416 2194 462 2233 et
495 2193 580 2233 hoo
613 2205 800 2233 cernens
833 2204 911 2246 spe
938 2191 1198 2244 viribusque
1230 2191 1532 2244 magnanimis
1565 2191 1693 2233 effec-

149 2266 183 2291 30
207 2253 294 2299 tus,
323 2250 488 2304 quibus
511 2251 686 2292 artibus
708 2248 985 2292 ‘universum
1007 2249 1246 2304 imperium
1270 2249 1458 2291 liberius
1477 2250 1693 2291 invadere

67 2302 193 2333 *P·⁶⁵⁶·
208 2312 372 2364 posset,
406 2309 659 2351 deliberare
691 2309 855 2364 coepit.
908 2308 1236 2350 Lodhuwicum
1269 2322 1447 2362 quoque
1479 2309 1692 2362 quoniam

208 2369 362 2410 itineri
394 2382 474 2410 suo
507 2369 774 2423 contiguum
808 2382 903 2410 esse
931 2367 1175 2422 prospexit,
1199 2370 1252 2408 ut
1274 2368 1469 2421 primum
1492 2368 1538 2408 in
1560 2367 1690 2407 illum

208 2496 236 2525 n)
256 2494 463 2519 di⁴sessionum
485 2502 507 2520 e.
562 2495 591 2524 b)
611 2495 735 2525 nix-eque
756 2502 830 2521 corr.
852 2495 999 2525 uiresque.
1058 2496 1084 2523 c)
1104 2491 1162 2518 fide
1178 2500 1200 2518 c.
1276 2491 1305 2524 d)
1325 2494 1451 2524 sequitur·
1463 2493 1567 2518 lacuna
1584 2494 1692 2518 littera-

209 2537 271 2553 rum
291 2531 350 2559 sere
366 2529 446 2554 VIII
462 2528 575 2559 (Jaffe‘).

146 2647 183 2672 35
211 2637 244 2677 1)
274 2635 486 2669 Ladon-iens
520 2646 653 2668 annum
680 2637 806 2669 aetatis
830 2645 936 2677 aqens
969 2637 1223 2677 sescayesimum
1258 2636 1398 2668 tertium
1436 2638 1597 2667 mortuus
1621 2639 1693 2674 εει,-

208 2684 311 2715 etiam
338 2686 460 2716 auctor
481 2683 578 2716 Vitae
602 2682 713 2717 Hlud.
740 2694 765 2717 c.
785 2684 841 2722 64,
868 2682 929 2716 SS.
948 2683 1000 2723 II,
1025 2694 1060 2725 p.
1080 2683 1160 2722 648,
1185 2683 1302 2714 dicens
1328 2684 1574 2725 imperatorem
1600 2692 1694 2715 anno

208 2731 423 2772 sexagesimo
447 2734 576 2773 quarto
601 2730 782 2763 decessisse
808 2731 844 2761 in
869 2739 992 2762 errore
1019 2733 1190 2763 versatur.
1313 2729 1348 2771 2)
1375 2729 1482 2761 Hunc
1507 2739 1692 2762 numerum

208 2776 413 2809 Nithardus
437 2788 454 2810 e
477 2778 558 2809 Vita
576 2776 686 2811 Hlud.
706 2777 726 2811 I.
745 2788 770 2811 c.
797 2778 1084 2820 trans-scripsisse
1110 2777 1255 2817 videtur,
1280 2778 1382 2809 cuius
1406 2779 1530 2809 auctor
1546 2786 1692 2819 regnum

210 2824 428 2866 Aquitaniae
453 2824 640 2856 Ludozcico
669 2826 741 2856 iam
778 2825 937 2856 nascenti
967 2834 1000 2858 a.
1027 2825 1107 2858 778.
1142 2823 1293 2855 delatum
1321 2833 1390 2856 esse
1415 2824 1571 2863 tradens,
1606 2833 1633 2860 c,
1660 2825 1692 2863 3,

144 2881 185 2906 4ο
209 2870 231 2904 l.
254 2881 280 2904 σ.
304 2882 340 2913 p.
365 2872 444 2912 608,
472 2873 626 2912 erravit;
651 2872 695 2912 cf.
723 2870 995 2911 Abel-Sinason,
1022 2870 1164 2904 ‘Jahrb
1192 2871 1307 2903 Karls
1332 2871 1392 2903 des
1418 2869 1498 2905 Gr!
1520 2870 1550 2911 I,
1581 2870 1631 2905 ed.
1657 2872 1691 2911 2,

203 2928 241 2960 p.
269 2919 349 2959 309,
381 2929 415 2952 n.
445 2920 484 2960 13
516 2918 748 2951 Mzihlbacher
772 2918 794 2952 l.
822 2928 847 2952 c.
882 2929 939 2950 nr.
964 2919 1073 2953 215a.
