2125 3234
403 272 445 306 16
691 268 949 304 NITHARDI
973 269 1335 306 HISTORIARUM
1359 270 1515 305 LIBER
1539 270 1590 306 Η.

304 395 385 431 840.
402 390 678 432 Lodhuwico
710 393 1027 439 reverteretur,
1055 393 1101 431 et
1133 404 1288 432 omnes
1319 391 1462 432 eitraa
1490 390 1790 432 Carbonarias
1822 391 1881 432 ad

400 448 530 489 illum
563 450 785 499 venirent,
819 449 948 490 Mosa
976 449 1170 489 traiecta
1199 452 1350 490 ratum
1383 449 1527 496 duxit,
1550 451 1603 489 ut
1625 449 1880 503 Sequanam

401 521 542 561 usque
574 508 853 562 procederet.
918 506 1018 556 Quo
1051 507 1159 547 dum
1189 508 1414 555 tenderet,
1456 506 1708 548 Hilduinus
1739 508 1880 550 abbas

401 566 559 607 Sancti
600 566 808 620 Dyonisii
855 567 901 606 et
941 564 1171 606 Gerardus
1218 578 1366 606 comes
1407 565 1571 605 Parisii
1614 565 1813 607 civitatis
1854 580 1881 607 a.

400 624 571 665 Karolo
624 624 887 665 deficientes
937 623 1027 665 fide
1077 623 1300 664 frustrata
1350 623 1407 664 ad
1459 622 1590 663 illum
1642 627 1879 666 venerunt.
1904 641 1922 666 5

401 682 532 733 Quod
579 683 760 736 quidem
808 682 1030 735 Pippinus
1076 681 1198 722 filius
1245 682 1466 723 Bernardi
1512 677 1657 736 regisb
1707 682 1882 736 Lango-

401 741 643 782 bardorum
697 741 926 793 ceterique
978 743 1214 781 cernentes
1266 739 1504 794 elegerunt
1554 740 1706 794 potius
1758 755 1880 783 more

399 812 628 840 servorum
661 799 796 841 fidem
829 799 1054 847 omittere,
1077 799 1335 839 iuramenta
1356 801 1689 853 contempnere,
1712 804 1874 852 quam⁰

399 857 456 898 ad
493 857 723 898 modicum
763 860 944 912 tempus
983 857 1231 898 facultates
1271 856 1538 911 relinquere,
1581 870 1632 898 ac
1674 871 1754 911 per
1794 860 1879 900 hoc

401 916 487 957 fide
518 916 682 957 relicta
715 930 826 970 quos
868 912 1032 970 suprad
1069 915 1416 956 memoravimus
1457 916 1602 956 secuti
1644 916 1788 958 eidem
1833 931 1879 958 se
1908 933 1940 957 ιο

400 974 638 1016 dederunt.
692 975 840 1016 Hince
869 988 1047 1028 quoque
1070 974 1325 1015 Lodharius
1358 974 1660 1028 magnanimis
1689 975 1880 1017 effectus

399 1033 655 1087 Sequanam
688 1034 892 1082 excessit,
926 1033 1224 1087 praemittens
1257 1045 1381 1073 more
1413 1032 1562 1081 solito,
1600 1033 1679 1085 qui
1719 1035 1777 1074 ad
1810 1034 1880 1075 de-

398 1092 645 1133 fectionem
677 1093 797 1133 inter
829 1092 1085 1145 Sequanam
1127 1093 1173 1132 et
1204 1091 1411 1145 Ligerem
1455 1092 1673 1145 degentes
1715 1093 1880 1146 partim

400 1146 578 1199 minisf,
614 1150 799 1206 *partim
825 1150 1063 1191 blanditiis
1090 1149 1410 1191 subducerent.
1464 1150 1570 1203 Ipse
1592 1164 1783 1204 quoque,
1810 1151 1882 1192 uti
1896 1161 1941 1193 ⁸12.
1953 1163 2016 1189 65¹1.

400 1212 708 1259 consueverat,
741 1210 867 1251 lento
899 1210 1063 1250 itinere
1101 1208 1371 1250 subsecutus
1404 1207 1744 1250 Carnutenamg
1779 1210 1881 1251 civi·
1907 1220 1940 1244 1⁵

398 1271 543 1311 tatem
582 1268 818 1310 tendebat.
882 1267 1086 1321 Cumque
1117 1267 1427 1316 Teodericum,
1467 1267 1679 1308 Ericuml
1710 1270 1757 1310 et
1798 1269 1880 1309 hos

399 1329 476 1381 qui
507 1328 636 1368 illum
671 1328 799 1381 sequi
832 1327 1197 1368 deliberaverant
1229 1327 1287 1367 ad
1319 1339 1365 1367 se
1387 1328 1604 1367 venturos
1633 1327 1879 1374 didicisset,

398 1401 475 1441 spe
509 1387 821 1427 multitudinis
853 1399 961 1427 suae
1001 1385 1161 1433 fretus,
1204 1385 1414 1438 Ligerem
1454 1398 1597 1438 usque
1637 1388 1689 1426 ut
1733 1399 1880 1440 proce-

399 1441 572 1491 dereth,
616 1445 910 1494 deliberavit;
953 1444 1150 1484 Karolus
1192 1457 1370 1497 quoque
1412 1457 1438 1484 a
1478 1443 1609 1497 fuga,
1653 1458 1741 1497 qua
1781 1444 1881 1498 Pip-

398 1505 555 1558 pinum
589 1506 635 1544 et
668 1518 771 1544 suos
804 1504 1090 1556 disperserat,
1123 1515 1329 1543 reversus
1351 1506 1410 1551 et,
1438 1502 1664 1555 quoniam,
1690 1505 1881 1543 matrem
1907 1517 1942 1542 20

398 1563 478 1604 ubi
507 1565 610 1603 tuto
642 1562 934 1616 relinqueret,
967 1556 1082 1602 noni
1122 1561 1335 1610 habebat,
1369 1561 1540 1615 pariter
1571 1561 1628 1601 ad
1662 1561 1880 1603 Franciae

398 1624 549 1675 partes
581 1621 900 1675 properabant.

539 1695 578 1732 4.
633 1692 837 1733 Audiens
871 1693 1025 1732 autem
1048 1690 1246 1731 Karolus
1279 1690 1467 1736 interea,
1492 1690 1613 1743 quod
1640 1690 1688 1731 hi
1711 1704 1878 1739 omnes,

398 1764 508 1805 quos
541 1764 677 1805 supra
705 1750 1064 1798 memoravimus,
1089 1749 1145 1790 ab
1169 1763 1221 1790 eo
1245 1749 1532 1796 defecissent,
1556 1751 1602 1790 et
1625 1749 1880 1790 Lodharius

398 1824 500 1851 cum
532 1810 710 1863 ingenti
752 1809 953 1850 exercitu
991 1808 1201 1862 persequi
1241 1807 1371 1847 illum
1413 1821 1556 1861 usque
1597 1808 1654 1848 ad
1695 1807 1879 1848 interni-
1906 1825 1939 1850 25

396 1870 567 1910 tionem
601 1868 850 1915 statuisset,
885 1867 992 1907 hino
1024 1869 1179 1907 autem
1201 1866 1423 1919 Pippinus
1447 1868 1493 1907 et
1515 1866 1621 1906 hinc
1646 1866 1880 1908 Brittones

397 1928 555 1968 infesti
578 1929 720 1976 erant,
745 1922 883 1980 quidk
909 1926 1129 1973 facerent,
1159 1925 1400 1966 concilium
1426 1927 1690 1973 convocant,
1719 1926 1881 1966 ineunt

397 1987 543 2040 deque
588 1986 658 2026 his
705 1985 915 2026 omnibus
957 1984 1276 2032 deliberaturi,
1324 1983 1461 2024 facile
1504 1983 1743 2024 consilium
1787 1998 1880 2038 per-

396 2045 532 2086 facile
564 2045 802 2086 inventum
835 2046 917 2085 est.
972 2043 1031 2083 Et
1063 2043 1276 2096 quoniam
1309 2041 1426 2082 nihil
1459 2045 1640 2097 praeter
1671 2043 1813 2083 vit-am
1835 2045 1881 2083 et

397 2118 585 2158 corpora
625 2103 851 2157 reliquum
896 2102 1151 2151 habebant,
1193 2102 1431 2155 elegerunt
1472 2101 1624 2155 potius
1664 2101 1882 2143 nobiliter
1906 2118 1940 2143 30

351 2164 355 2166 ’
397 2164 510 2204 mori
542 2177 675 2216 quam
709 2176 859 2216 regem
894 2161 1126 2215 proditum
1157 2160 1482 2214 derelinquere.
1536 2159 1682 2211 Quam
1705 2160 1762 2201 ob
1785 2173 1879 2202 rem

395 2222 577 2263 obviam
610 2221 840 2262 Lodhario
884 2222 1094 2274 pergunt,
1137 2221 1274 2273 atque
1311 2219 1677 2260 Aurilianensem
1721 2219 1878 2260 urbem

396 2281 504 2322 hinc
535 2281 642 2321 inde
675 2282 852 2334 petunt.
917 2278 1079 2319 Castra
1110 2280 1289 2332 ponunt
1323 2278 1545 2319 distantes
1587 2277 1644 2319 ab
1685 2278 1880 2319 invicem

397 2340 498 2394 plus
548 2340 695 2380 minus
743 2339 910 2380 leuwas
951 2337 1040 2386 VI,
1095 2337 1268 2390 legatos
1316 2337 1509 2378 invicem
1558 2337 1785 2390 dirigunt;
1835 2341 1881 2379 et

395 2475 422 2505 a)
445 2475 462 2498 ι’.
484 2481 507 2498 e.
528 2473 622 2503 ultra;
649 2473 686 2502 cs.
707 2479 796 2502 supra
817 2479 849 2502 p.
871 2471 896 2501 6,
924 2478 950 2497 η,
971 2471 990 2496 f.
1049 2470 1077 2499 b)
1099 2471 1159 2497 rezi
1179 2478 1202 2494 c.
1265 2471 1290 2498 οἳ
1312 2472 1369 2500 que
1391 2477 1413 2493 c.
1477 2468 1506 2493 ‹1›
1527 2470 1581 2494 lm.
1604 2477 1677 2501 upra
1698 2471 1812 2495 attritae
1833 2471 1881 2494 ris
1907 2470 1940 2495 ³5

396 2510 450 2540 Ieffl'
464 2511 594 2540 possunt.
670 2509 696 2537 c)
718 2508 792 2531 Hinc
812 2508 867 2530 iam
890 2507 945 2537 ἶφι·
964 2507 1066 2537 nequit.
1149 2507 1169 2529 sn
1191 2506 1276 2529 nimis
1296 2513 1317 2531 c.
1391 2509 1418 2533 g*
1439 2509 1637 2529 caramtcnam
1657 2513 1680 2530 c.
1764 2506 1794 2529 h>
1814 2513 1880 2537 pro-

396 2546 517 2569 duceret
534 2551 557 2568 c.
634 2544 654 2573 i)
676 2543 712 2569 Κ,
728 2543 880 2572 Schwartz,
901 2542 970 2565 ‘Der
990 2541 1183 2571 Bruderkru'ey
1203 2541 1254 2564 der
1274 2540 1365 2563 Sijhne
1385 2541 1519 2570 Lndrriys
1538 2542 1586 2563 des
1606 2540 1766 2564 Frommen'
1782 2549 1814 2572 p.
1837 2542 1869 2565 19

394 2588 422 2604 n.
439 2581 464 2604 4.
480 2580 642 2610 propomcit,
665 2582 693 2601 ul
714 2585 791 2602 nunc
808 2585 864 2608 pro
885 2584 943 2601 non
963 2577 1169 2605 emendaretur,
1190 2583 1267 2607 quem
1289 2576 1385 2606 Meyer
1405 2583 1457 2599 ron
1476 2576 1600 2599 limmata
1618 2576 1635 2601 I.
1652 2583 1674 2602 c,
1692 2584 1720 2607 p,
1733 2576 1776 2605 963,
1795 2584 1820 2602 η,
1834 2576 1879 2600 88,

393 2618 505 2638 securem
523 2618 580 2643 ρεη-
599 2621 669 2646 quae
688 2616 805 2637 mutuno
826 2613 919 2643 ulique
933 2612 1003 2635 milui
1022 2613 1202 2635 videturesse
1215 2612 1356 2635 reicienda
1372 2611 1461 2634 rer-his
1474 2611 1717 2642 subsequentibus:
1734 2612 1857 2642 parite
1868 2619 1880 2635 r

395 2651 430 2674 :vl
458 2651 602 2674 Franciae
629 2653 728 2680 partes
758 2648 996 2679 properabant,
1026 2648 1129 2671 scilicet
1156 2647 1283 2671 lim-olus
1310 2654 1370 2670 cum
1402 2649 1506 2675 nram-e,
1537 2650 1565 2669 u!
1593 2647 1689 2676 I'erst,
1719 2647 1768 2673 SS,
1791 2647 1824 2671 Ιι·.
1847 2648 1880 2673 (3,
1911 2646 1940 2669 ιθ

395 2687 437 2709 vd.
454 2688 478 2709 2.
494 2693 523 2715 p,
540 2685 582 2716 16,
602 2693 627 2709 n.
646 2686 669 2714 1,
686 2687 758 2708 recle
772 2684 971 2714 interpretatus
985 2686 1042 2708 est:
1062 2691 1086 2707 r.
1102 2683 1184 2706 eliam
1204 2682 1379 2705 Wnuenlmch
1395 2683 1471 2712 apud
1485 2682 1511 2708 J,
1527 2689 1549 2708 r.
1562 2682 1703 2705 Jasnmnd
1716 2682 1734 2708 1.
1748 2689 1770 2705 c.
1788 2690 1820 2712 p.
1836 2683 1879 2710 202,

395 2729 421 2746 n.
443 2723 466 2744 1.
542 2720 572 2752 k)
598 2721 720 2749 forta-we
747 2726 802 2743 coa·
827 2719 930 2743 incerti
953 2718 993 2741 vel
1013 2716 1095 2742 dubii
1122 2720 1186 2741 ante
1209 2717 1278 2747 quid
1299 2717 1414 2743 excidit.
1436 2717 1526 2745 Part-n
1548 2718 1597 2741 ΒΝ.
1619 2717 1663 2744 11.
1681 2724 1710 2747 ρ.
1724 2717 1785 2744 ὃὸἶ,
1805 2725 1831 2744 η,
1846 2717 1878 2745 b;

394 2757 432 2785 cs.
456 2755 550 2786 Meyer
571 2763 621 2779 mm
645 2755 766 2778 [summu
787 2755 805 2779 I.
827 2762 850 2778 c.
871 2762 904 2784 p,
923 2754 967 2783 97,
995 2761 1020 2779 n.
1041 2754 1084 2778 90,
1121 2754 1222 2778 (Plura
1245 2753 1348 2777 omissa
1368 2759 1425 2776 esse
1443 2759 1547 2782 (crosco,
1569 2760 1630 2777 cum
1652 2753 1777 2776 Karulns
1796 2760 1878 2783 prae.

395 2791 482 2820 ccdar,
505 2792 644 2821 facerent,
667 2794 831 2814 convocant
852 2793 903 2814 etc.
924 2792 1068 2820 sequatur.
1103 2790 1132 2815 O.
1148 2788 1270 2815 11‚-E.1.

396 2900 430 2933 1)
463 2897 516 2937 Cf.
546 2896 664 2937 Meyer
690 2906 754 2928 von
783 2895 939 2928 Knonan
967 2895 987 2929 I.
1015 2905 1039 2929 c,
1064 2897 1174 2937 1›.22.
1202 2900 1231 2927 ct
1254 2905 1290 2936 p.
1313 2895 1389 2934 112,
1418 2905 1450 2928 n.
1471 2895 1549 2928 321.
1906 2905 1940 2930 45
