2125 3234
542 303 800 340 NITHARDI
825 302 1188 339 HISTORIARUM
1213 302 1367 337 LIBER
1391 302 1421 338 I.
1701 304 1722 338 9

243 441 344 468 rum
375 428 521 468 totam
555 425 745 466 Frisiam
784 427 831 466 et
872 438 952 478 per
984 425 1095 465 fines
1125 423 1446 464 Ribuariorum
1481 423 1724 464 comitatus
1737 427 1817 462 837.

109 501 229 532 *p.654.
244 484 445 534 Moilla1,
493 484 731 533 Haettra2,
781 482 1120 531 Hammolant³‚
1171 480 1467 534 *Masagouwi
1483 481 1511 530 ⁴,
1560 481 1723 522 deinde

243 557 349 585 vero
380 543 596 597 quicquid
627 543 749 584 inter
779 542 953 583 Mosam
987 543 1033 583 et
1065 540 1319 594 Sequanam
1352 552 1493 592 usque
1520 538 1725 592 Burgun-

245 602 367 642 diam
398 615 492 642 una
531 615 632 642 cum
666 601 970 642 Viridunense
1012 598 1220 641 consistit
1262 600 1308 639 et
1340 597 1425 639 de⁵
1457 597 1726 650 Burgundia

203 677 219 703 5
244 660 518 708 Tullensem,
554 659 863 701 Odomensem
877 659 905 707 ⁶,
939 658 1191 700 Bedensem
1209 656 1234 706 ⁷,
1277 656 1538 697 Blesensem
1555 656 1582 704 ⁸,
1625 655 1724 696 Per-

244 721 419 760 tensem
433 718 461 767 ⁹,
499 720 715 771 utrosque
749 718 991 758 Barrenses
1007 716 1052 766 ¹⁰,
1087 715 1395 764 Brionensem,
1428 714 1724 762 Tricasinum,

245 777 684 825 Autisioderensem,
734 776 1054 823 Senonicuma,
1102 773 1497 819 Wastinensemss,
1545 772 1726 813 Milidu-

245 848 453 884 nensem,
506 835 843 888 stampensem,
897 828 1295 880 Castrensemb·1²,
1349 832 1627 873 Parisiacum
1681 834 1727 872 et

245 894 409 935 deinde
451 906 532 948 per
564 893 820 946 Sequanam
863 906 1002 946 usque
1043 893 1091 932 in
1131 905 1254 932 mare
1287 889 1518 931 Oceanum
1563 892 1608 930 et
1648 903 1728 943 per

186 970 220 995 ιο
243 952 391 1007 ipsum
434 966 555 993 mare
596 965 738 1005 usque
779 952 827 991 in
866 951 1068 999 Frisiam,
1111 962 1265 991 omnes
1305 948 1521 989 videlicet
1562 948 1727 1001 episco-

245 1013 393 1065 patus,
428 1011 681 1059 abbatiasc,
717 1011 973 1058 comitatus,
1017 1009 1147 1049 fiscos
1180 1011 1226 1049 et
1258 1007 1410 1048 omnia
1442 1007 1564 1047 infra
1605 1020 1726 1060 prae-

246 1070 392 1111 dictos
424 1070 536 1110 fines
569 1069 867 1110 consistentia
898 1082 1000 1109 cum
1033 1067 1243 1108 omnibus
1276 1066 1333 1107 ad
1375 1079 1421 1107 se
1462 1065 1727 1119 pertinenti-

244 1128 342 1177 bus,
375 1129 422 1168 in
454 1141 738 1181 quacumque
770 1127 954 1181 regione
987 1125 1297 1167 consistebant
1330 1126 1376 1165 et
1407 1125 1478 1165 8111
1498 1124 1610 1164 iuris
1632 1136 1727 1165 esse

243 1186 530 1234 videbantur,
573 1200 665 1226 una
705 1199 807 1226 cum
849 1186 1122 1226 auctoritate
1165 1184 1318 1224 divina
1360 1185 1496 1236 atque
1539 1185 1729 1236 paterna

186 1262 219 1287 15
245 1245 452 1299 praefato
494 1245 588 1285 filio
630 1257 710 1285 suo
750 1244 920 1284 Karolo
964 1244 1110 1291 dedit,
1155 1244 1423 1294 firmumque
1466 1243 1531 1291 ut·
1559 1254 1727 1295 perma-

244 1306 386 1353 neret,
410 1303 497 1344 Dei
529 1303 854 1356 omnipotentis
887 1302 1175 1343 clementiam
1209 1301 1423 1341 exoravit.
1478 1299 1728 1340 Hilduinus

245 1364 396 1403 autem
431 1361 571 1402 abbas
604 1361 822 1402 ecclesiae
855 1361 1002 1401 sancti
1025 1360 1231 1414 Dyonisii
1254 1361 1300 1400 et
1323 1358 1554 1399 Gerardus
1581 1371 1729 1399 comes

245 1421 445 1462 Parisius
493 1420 691 1461 civitatis
733 1420 962 1472 ceterique
1010 1432 1164 1460 omnes
1206 1418 1463 1471 praedictos
1510 1417 1621 1457 fines
1668 1417 1729 1456 in-

245 1479 508 1520 habitantes
568 1481 878 1520 convenerunt
935 1478 1160 1531 fidemque
1219 1477 1502 1517 sacramento
1559 1475 1729 1516 Karolo

186 1555 221 1581 20
246 1538 555 1579 firmaverunt.
624 1536 756 1588 Quod
797 1537 978 1590 quidem
1020 1531 1293 1577 Lothariusd
1339 1538 1385 1575 et
1425 1534 1730 1575 Lodhuwicus

247 1597 485 1638 audientes
519 1597 719 1651 graviter
750 1596 980 1644 ferebant,
1019 1595 1141 1635 unde
1174 1597 1220 1636 et
1253 1593 1529 1646 colloquium
1562 1579 1823 1634 indixe-S38·

246 1658 368 1696 runt.
433 1655 504 1695 Ad
537 1655 658 1708 quod
690 1654 984 1703 venientes¹³‚
1019 1667 1120 1694 cum
1163 1653 1279 1693 nihil
1312 1666 1366 1693 ex
1398 1652 1468 1692 his
1501 1652 1731 1705 indignari

247 1727 293 1755 se
340 1727 470 1768 posse
517 1714 748 1763 viderent,
803 1713 967 1754 callide
1016 1712 1355 1752 dissimulantes
1403 1710 1635 1764 quippiam
1685 1724 1730 1751 se

247 1776 407 1814 contra
458 1773 601 1826 patris
653 1772 938 1813 voluntatem
991 1771 1141 1811 moliri
1193 1770 1334 1817 velle,
1400 1769 1728 1818 discesserunt;

187 1849 221 1874 25
247 1834 560 1873 verumtamen
607 1831 664 1872 ob
711 1831 758 1872 id
807 1830 1083 1883 colloquium
1126 1829 1368 1870 commotio
1416 1842 1507 1868 non
1555 1828 1732 1868 modica

247 1893 404 1932 exorta
437 1892 517 1938 est,
552 1890 630 1931 sed
661 1889 800 1930 facile
843 1889 1028 1942 quievit.
1102 1887 1223 1928 Hinc
1266 1890 1418 1928 autem
1453 1886 1729 1927 Carisiacum

247 1949 477 1991 mediante
526 1948 863 2003 Septembrioss
913 1948 1039 1989 venit
1091 1946 1451 1999 seditionemque
1503 1945 1729 1998 quandam
1746 1960 1820 1991 Sept.

246 2065 273 2093 a]
295 2063 439 2088 Senocum
459 2070 533 2088 corr.
555 2063 744 2088 Senonicum.
818 2063 847 2094 b)
868 2061 1032 2088 eastra-me
1051 2069 1073 2088 c.
1147 2062 1172 2093 c)
1192 2061 1307 2085 abatias
1329 2068 1402 2085 corr.
1424 2060 1569 2084 abbatias.
1643 2058 1672 2092 d)
1692 2060 1733 2083 sic

245 2100 295 2124 hoc
315 2099 376 2124 loco
395 2106 418 2123 c.

187 2191 220 2216 30
244 2182 281 2216 J.
302 2193 330 2216 v.
351 2181 542 2223 Jasmund,
569 2179 942 2213 ί683811ἱεῖιτεσῆνεὶὂεν
965 2181 1028 2212 der
1051 2178 1233 2212 deutschen
1257 2177 1411 2211 Vorzeit'
1437 2188 1526 2211 saec.
1550 2176 1617 2217 IX,
1642 2179 1664 2210 t.
1690 2176 1729 2215 V,

246 2229 296 2263 ed.
323 2231 356 2270 3,
387 2239 425 2271 p.
454 2230 510 2270 13,
541 2238 575 2262 n.
603 2229 645 2268 23
677 2228 720 2262 A.
747 2227 930 2269 Longmou,
957 2227 1074 2259 ‘Atlas
1099 2226 1293 2268 historique
1317 2225 1357 2258 de
1383 2225 1419 2257 la
1443 2224 1612 2265 France’,
1648 2226 1731 2256 tecet.

240 2287 279 2319 p.
298 2276 472 2316 96-132,
499 2275 570 2309 tab.
591 2274 693 2308 VIII.
777 2275 811 2317 1)
832 2274 974 2307 Circum
991 2273 1143 2306 Nersam
1160 2273 1305 2313 (Niers)
1330 2273 1479 2313 fluvium
1505 2271 1730 2314 superiorem.

245 2324 282 2365 2)
311 2322 342 2357 Ι.
368 2333 394 2357 e.
420 2322 634 2361 Hattuaria,
666 2332 689 2353 a
720 2323 844 2365 priore
875 2323 1041 2353 comitatu
1065 2321 1336 2363 septentrionem
1361 2322 1391 2352 et
1417 2321 1581 2351 orientem
1614 2328 1733 2351 versus

248 2371 284 2402 in
312 2372 462 2412 utraque
486 2371 570 2412 ripa
596 2369 714 2401 Rhene?
737 2369 906 2409 flutm'nis.
979 2368 1016 2411 3)
1043 2368 1087 2400 In
1113 2368 1259 2400 deoetera
1285 2367 1369 2408 ripa
1392 2366 1508 2398 Rheni
1531 2365 1729 2406 inferioris.

187 2426 220 2452 35
245 2418 282 2459 4)
310 2416 354 2449 In
371 2420 522 2459 utraque
538 2417 624 2459 ripa
641 2416 762 2448 Mosae
778 2416 948 2457 fluminis.
1023 2414 1057 2458 ὃ)
1083 2415 1112 2447 Ι.
1126 2425 1151 2448 e.
1170 2415 1344 2455 deorsum,
1363 2413 1444 2445 inde
1461 2424 1495 2453 a,
1513 2412 1733 2445 comitatibus

248 2466 319 2496 ι’(ιηι
337 2463 555 2496 recensendis
576 2466 679 2496 extra
698 2463 951 2504 Buryumliam
970 2463 1060 2496 sitis,
1137 2462 1171 2503 6)
1202 2461 1246 2493 In
1265 2462 1355 2503 ripis
1376 2459 1538 2492 Odoruae
1554 2459 1731 2500 (Ornata)

246 2511 358 2552 fluvii,
386 2512 447 2552 qui
472 2511 511 2542 in
533 2511 738 2543 Matronam
764 2511 800 2551 fl.
826 2510 957 2551 defluit.
1033 2509 1067 2551 7)
1092 2509 1192 2541 Inter
1212 2507 1446 2540 Odornensem
1471 2510 1501 2540 et
1525 2506 1731 2540 Tullensem.

244 2558 281 2602 8)
305 2558 445 2591 Circum.
464 2557 605 2589 Blesam
622 2556 776 2599 (Blaz'se)
794 2557 951 2597 fluvium.
1031 2556 1065 2599 9)
1089 2556 1145 2588 Ab
1166 2555 1364 2587 Odor-nensi
1387 2555 1587 2587 occidentem
1613 2563 1733 2585 versus

246 2605 293 2638 ad
319 2605 523 2637 Mam-onam
549 2605 585 2645 fl.
672 2604 731 2646 10)
760 2603 900 2636 Cia-cum
927 2604 1058 2646 oppida
1084 2602 1340 2635 Bar-le-Duc
1364 2604 1393 2633 et
1421 2600 1732 2634 Bar-sm·-Aube

186 2662 221 2687 40
245 2651 347 2685 hodie
370 2652 567 2684 nominata.
651 2651 708 2693 11)
730 2651 761 2682 A
781 2649 947 2683 Senonico
972 2650 1174 2683 occidentem
1200 2659 1331 2686 versus,
1357 2648 1458 2681 hodie
1483 2648 1523 2680 ‘Ie
1542 2646 1732 2682 Gatinacs’.

248 2700 305 2740 12)
349 2699 489 2732 Circum
527 2698 695 2741 oppidum
735 2697 918 2739 Castrum,
956 2697 1119 2738 Clam-es,
1159 2696 1259 2729 hodie
1296 2695 1463 2739 Arpajon
1500 2696 1730 2728 nominatum.

248 2745 306 2790 13)
341 2745 388 2778 In
426 2745 547 2778 vallem
587 2745 851 2786 Tridentinam,
890 2745 983 2778 Ann.
1022 2744 1125 2778 Fuzd.
1164 2754 1196 2777 α.
1232 2744 1319 2784 838,
1358 2742 1420 2777 SS.
1457 2743 1499 2776 R.
1535 2741 1576 2776 G.
1609 2752 1647 2784 p.
1674 2742 1729 2775 28.

248 2794 306 2836 14)
336 2793 591 2835 Imperatorem
618 2796 698 2824 ante
723 2792 873 2824 medium
899 2801 1046 2824 mensem
1071 2790 1311 2833 Septembrem,
1346 2791 1498 2831 fortasse
1525 2790 1596 2821 iam
1622 2789 1732 2820 medio

245 2841 417 2883 Augusto,
444 2842 480 2872 ut
497 2840 591 2873 Ama.
611 2839 748 2873 Bertin.
776 2849 809 2873 (ι.
827 2839 907 2878 838,
937 2838 958 2872 l.
978 2849 1004 2872 c.
1026 2849 1063 2881 p.
1085 2840 1138 2880 15,
1165 2838 1326 2879 tradunt,
1353 2837 1575 2870 Carz'siczcmn
1601 2836 1732 2868 ventsse

189 2897 222 2921 45
245 2887 443 2930 diplomata
467 2887 585 2919 docere
611 2887 792 2923 videntum
818 2885 865 2926 cf.
882 2885 965 2927 Rey.
994 2886 1075 2929 imp.
1095 2885 1125 2927 I,
1151 2885 1200 2919 ed.
1228 2886 1261 2923 2,
1283 2896 1320 2927 p.
1339 2885 1406 2918 397
1421 2894 1484 2926 sq„
1514 2894 1569 2917 nr.
1589 2882 1731 2918 978²>—

246 2935 366 2976 982a‚-
395 2934 533 2967 Simson
560 2933 580 2968 ῑ.
608 2943 633 2967 c.
660 2933 712 2974 II,
736 2943 773 2974 p.
802 2933 880 2974 180,
912 2943 944 2966 n.
975 2934 1003 2967 1.

1719 1651 1726 1659 ·
1745 1626 1860 1651 (filori.)
