2125 3234
162 952 196 977 10

161 1243 194 1268 15

159 1536 194 1561 20

159 1828 193 1853 25

70 1864 117 1897 *μ
129 1865 192 1890 662.

157 2121 192 2147 30

156 2551 190 2577 35

154 2911 190 2936 40

512 288 769 324 NITHARDI
793 288 1155 326 HISTORIARUM
1180 290 1335 326 LIBER
1366 291 1418 327 II.
1656 295 1701 329 27

221 410 503 464 Interrogati
534 412 701 457 autem,
725 410 763 450 si
785 410 1001 464 quiddam
1023 411 1198 459 horum,
1222 424 1337 464 quae
1360 413 1700 462 mandaverant,
1715 422 1795 456 841.

220 469 421 523 recipere
452 468 593 510 vellet
623 468 696 510 vel
728 468 765 508 si
793 468 1046 522 quamlibet
1067 469 1292 510 finitivam
1313 470 1588 511 sententiam
1610 471 1702 512 illis

222 527 504 571 mandasset,
551 527 670 567 nihil
717 527 803 568 sibi
843 527 1006 568 horum
1045 527 1187 569 fm’sse
1227 527 1484 569 iniunctum
1525 542 1702 583 respon-

222 585 403 627 derunt.
473 584 621 636 Quam
668 585 724 627 ob
772 599 867 626 rem
915 599 1016 626 cum
1064 586 1209 627 omnis
1256 599 1357 639 spes
1397 586 1606 628 iusticiae
1651 601 1702 629 ac

222 644 346 697 pacis
394 657 475 684 sua,
522 657 575 685 ex
622 646 751 698 parte
793 643 948 684 ablata
986 644 1231 693 videretur,
1280 645 1501 686 mandant
1541 645 1623 693 illi,
1665 647 1703 687 si

222 702 384 743 melius
414 715 506 743 non
537 702 797 751 invenisset,
831 704 912 742 aut
941 703 1165 756 reciperet
1195 716 1337 743 unum
1371 703 1545 753 horum,
1588 717 1702 758 quae

221 760 292 800 illi
325 760 665 808 mandaverant,
699 763 780 801 aut
810 763 964 802 nosset
994 760 1098 802 illos
1130 761 1178 801 in
1212 762 1461 802 crastinum
1494 785 1549 790 —
1582 763 1703 816 quod

221 818 428 871 contigit,
472 818 590 859 sicut
631 819 918 872 praefatum⁸
956 821 1036 869 est,
1070 819 1178 860 VII.
1212 820 1317 860 Kal.
1349 820 1460 861 Iulii
1499 843 1552 848 —
1591 822 1702 863 hora
1717 839 1838 865 1un.25.

220 876 435 918 videlicet
477 877 568 918 diei
609 877 829 924 secunda,
872 877 930 917 ad
972 878 1299 932 omnipotentis
1340 878 1427 919 Dei
1467 879 1700 928 iudicium,

221 936 342 988 quod
382 935 475 976 illis
522 935 691 989 absque
738 935 923 976 illorum
964 935 1203 977 voluntate
1245 937 1562 984 mandaverat,
1607 951 1702 980 esse

219 997 449 1035 venturos.
503 992 630 1060 Quae
662 994 845 1048 quidem
868 993 1123 1035 Lodharius
1152 995 1287 1036 solito
1310 1009 1433 1037 more
1455 996 1704 1037 insolenter

221 1053 392 1106 sprevit
433 1054 480 1094 et
518 1052 692 1093 visuros
740 1066 808 1102 se,
857 1053 966 1106 quid
1014 1066 1147 1106 agere
1196 1053 1403 1102 deberet,
1451 1054 1701 1108 respondit.

220 1110 342 1151 Dum
385 1111 498 1152 haec
541 1124 675 1165 super
707 1107 933 1164 Ligerimb
971 1111 1100 1152 iuxta
1132 1111 1351 1153 Sanctum
1392 1112 1700 1154 Fludualdum

221 1169 502 1211 consistens1
543 1170 808 1218 scriberem,
851 1169 1058 1224 ecclipsis
1100 1170 1207 1211 solis
1249 1171 1361 1212 hora
1402 1171 1547 1225 prima
1587 1171 1703 1213 feria

222 1223 400 1281 [tertiac
396 1224 437 1294 Α]
471 1227 569 1268 XV.
595 1227 698 1268 Kal.
722 1203 1029 1269 No’vembris·
1017 1243 1065 1268 1n
1088 1228 1334 1282 Scorpione
1357 1230 1564 1284 contigit.
1617 1230 1703 1271 His
1717 1248 1774 1274 oct.
1788 1249 1831 1274 ιε.

218 1286 285 1326 ita
317 1286 493 1327 omissis
526 1285 730 1327 diluculo
763 1285 1056 1327 Lodhuvicus
1088 1289 1134 1328 et
1167 1287 1365 1328 Karolus
1407 1291 1701 1342 consurgunt,
1717 1307 1803 1332 zm.-
1797 1308 1839 1332 ,5.

218 1344 436 1386 verticem
468 1344 636 1385 montis
669 1341 871 1386 castraed
899 1345 1143 1386 Lodharii0
1177 1346 1383 1399 contigui
1416 1360 1519 1387 cum
1551 1348 1702 1396 tertia,

218 1405 272 1444 ut
303 1403 498 1452 videtur,
533 1403 756 1444 exercitus
788 1405 918 1457 parte
960 1406 1187 1457 occupant
1228 1404 1565 1459 adventumque
1607 1405 1703 1446 eius

220 1463 267 1502 et
298 1462 455 1503 horam
488 1462 747 1511 secundam,
770 1464 823 1502 ut
855 1462 925 1503 sui
945 1462 1222 1512 iuraverant,
1246 1466 1524 1517 exspectant.
1574 1463 1703 1505 Cum-

219 1533 306 1573 que
337 1523 582 1574 utrumque
615 1521 806 1570 adesset,
841 1521 1063 1575 proelium
1097 1534 1232 1575 super
1268 1522 1461 1563 rivolum
1496 1523 1702 1576 Burgun-

219 1579 406 1620 dionum
445 1593 609 1631 magno
652 1579 899 1620 certamine
941 1580 1247 1620 committunt.
1320 1581 1379 1621 Et
1412 1581 1703 1622 Lodhuvicus

219 1637 402 1690 quidem
435 1651 486 1678 ac
513 1637 768 1679 Lodharius
799 1638 848 1678 in
879 1638 980 1679 loco
1013 1639 1090 1692 qui
1112 1638 1286 1679 Brittas
1319 1639 1487 1680 dicitur
1519 1642 1703 1681 strenue

219 1695 494 1749 confligunt;
529 1710 617 1749 quo
650 1698 890 1750 superatus
922 1696 1178 1737 Lodharius
1210 1699 1342 1751 terga
1372 1698 1524 1739 vertit.
1593 1699 1703 1739 Pars

219 1756 372 1795 autem
406 1755 643 1803 exercitus,
677 1769 812 1808 quam
846 1755 1044 1796 Karolus
1075 1755 1124 1796 in
1156 1755 1256 1797 loco
1289 1757 1367 1809 qui
1399 1757 1533 1810 Fagit
1565 1757 1703 1810 vulgo

219 1812 388 1853 dicitur
434 1810 650 1867 excepit,
705 1814 913 1868 protinus
963 1814 1109 1868 fugit3
1162 1828 1266 1869 pars
1312 1828 1440 1863 ver0,
1489 1829 1604 1869 quae
1656 1816 1704 1856 in

219 1867 468 1913 Solennatf
504 1871 849 1913 Adhelardum²
891 1875 1166 1926 ceterosque,
1203 1873 1367 1926 quibus
1400 1875 1524 1915 haud
1566 1875 1703 1915 modi-

219 1943 320 1970 cum
354 1930 723 1984 supplementum
757 1931 953 1972 Domino
986 1931 1236 1973 auxiliante
1277 1932 1451 1986 prebui,
1495 1933 1702 1987 appetiit,

218 1990 402 2030 strenue
436 1989 661 2037 conflixit3
696 2003 784 2042 quo
817 1992 863 2030 et
894 1990 1076 2044 utrique
1098 1991 1320 2040 vicerunt,
1354 1992 1433 2032 sed
1462 1992 1702 2033 novissime

217 2060 372 2088 omnes
405 2061 432 2088 a
465 2050 592 2102 parte
625 2048 843 2088 Lodharii
874 2048 1108 2102 fugerunt.

360 2104 460 2156 Qua
492 2106 628 2148 finem
669 2106 805 2160 primi
845 2107 1106 2148 certaminis
1148 2107 1275 2149 dedit
1307 2108 1577 2158 Lodharius,
1619 2111 1703 2150 ter-

216 2164 418 2205 minetur
448 2164 564 2206 liber
596 2165 836 2206 secundus.

671 2324 889 2373 LIBER
930 2325 1065 2373 TER
1074 2326 1147 2373 TI
1150 2326 1230 2375 US
1231 2365 1239 2373 .

359 2416 583 2468 Quoniam
617 2418 851 2459 sinistrum
883 2432 954 2460 me
987 2419 1205 2472 quiddam
1246 2434 1300 2462 ex
1340 2434 1505 2487 genere
1547 2424 1701 2463 nostro

216 2478 269 2516 ut
302 2476 484 2517 audiam
507 2477 662 2530 pudet,
695 2477 865 2518 referre
888 2478 1156 2532 praesertim
1179 2492 1313 2532 quam
1336 2480 1529 2521 maxime
1553 2481 1699 2534 piget;

216 2548 351 2588 quam
385 2534 440 2575 ob
474 2548 569 2576 rem
600 2535 790 2589 imperio
814 2536 1167 2590 haudquaquam
1190 2537 1402 2579 malivole
1425 2541 1699 2594 contempto,

215 2596 268 2634 ut
301 2593 402 2633 finis
435 2596 621 2647 optatus
653 2593 760 2634 libri
792 2595 980 2636 secundi
1012 2595 1159 2645 affuit,
1187 2610 1267 2650 per
1289 2597 1441 2638 omnia
1464 2598 1592 2639 finiie
1616 2598 1700 2640 hoc

215 2725 243 2756 a)
263 2725 447 2756 praetactum
466 2732 488 2752 c.
561 2725 590 2753 b)
612 2726 722 2750 ridetur
734 2733 792 2756 pro
812 2725 978 2757 Sequanam
999 2733 1056 2751 esse
1074 2728 1231 2758 scraptmm
1249 2729 1285 2758 cf.
1306 2728 1401 2759 Meyer
1420 2736 1473 2753 con
1493 2730 1617 2754 Knonau
1638 2730 1654 2755 ἶ.
1677 2737 1700 2755 c.

210 2767 242 2790 p.
262 2760 324 2791 102,
351 2768 378 2787 η.
398 2761 464 2791 18ος
492 2760 640 2785 ὒιῖηιηιῖει·
659 2762 677 2786 l.
695 2768 717 2788 e.
741 2769 773 2791 Ρ.
793 2761 854 2793 169,
882 2769 908 2788 ιι,
928 2762 960 2787 2;
988 2762 1164 2787 ΠῖιίτεηὸαεΙι
1189 2764 1208 2788 l.
1229 2771 1251 2790 c,
1273 2771 1306 2794 p.
1328 2765 1372 2795 40,
1399 2772 1425 2791 n.
1446 2766 1470 2792 2,
1561 2769 1587 2797 c)
1614 2766 1700 2790 tertia

215 2802 270 2820 om.
292 2802 315 2821 e.
390 2794 420 2827 d)
440 2797 480 2820 sic
498 2803 521 2820 e.
600 2802 626 2827 e)
646 2794 762 2821 lodhari
781 2804 804 2821 c.
880 2797 900 2828 1;
921 2798 1035 2822 solenat
1056 2805 1079 2823 c.

218 2899 251 2944 1)
284 2900 321 2936 V,
349 2901 451 2942 infra
477 2901 499 2936 l.
527 2902 598 2944 III,
631 2912 656 2936 c.
684 2903 717 2943 3,
747 2914 784 2946 p.
811 2904 867 2938 32.
965 2905 1001 2947 2)
1032 2904 1086 2945 Cf.
1113 2914 1225 2947 supra
1251 2916 1289 2949 p.
1318 2907 1373 2947 15,
1405 2916 1438 2940 n.
1465 2907 1497 2941 4.
