2125 3234
566 307 822 343 NITHARDI
846 307 1208 343 HISTORIARUM
1232 307 1387 343 LIBER
1411 307 1461 343 Π.
1712 311 1756 344 23

274 443 332 471 ne
362 430 483 470 forte
516 442 569 470 ex
600 429 829 482 inproviso
852 428 1050 470 Karolus
1083 440 1219 482 supra
1244 426 1375 468 illum
1397 427 1568 468 irruere
1591 430 1754 481 posset,
1769 431 1850 466 841.

275 487 480 529 cavebat.

418 561 457 598 9.
516 557 702 598 Interea
733 556 875 611 legati
907 571 932 597 a
965 556 1258 598 Lodhuvicoa
1292 557 1512 597 venerant
1543 556 1757 596 nuncian-

275 618 358 665 tes,
392 616 526 669 quod,
561 616 598 656 si
630 616 778 663 sciret,
812 615 1038 671 quomodo
1071 615 1168 656 fieri
1200 616 1365 668 posset,
1398 614 1446 654 in
1477 613 1602 654 illius
1635 614 1756 654 adiu-

233 690 249 715 5
273 675 443 715 torium
484 674 638 715 venire
679 673 831 715 vellet.
903 672 1003 724 Quo
1044 686 1090 714 se
1123 672 1322 713 Karolus
1363 675 1409 713 et
1448 672 1653 725 indigere
1695 685 1757 713 re-

275 733 482 786 spondit,
526 732 697 786 gratias
745 745 970 785 congruae
1011 731 1240 772 voluntati
1287 726 1408 784 egitb
1456 733 1522 780 et,
1571 732 1624 770 ut
1671 731 1756 771 hoc

131 807 250 839 ’μεθα
274 790 525 832 accelerare
548 791 797 839 studerent,
822 791 1030 844 protinus
1057 789 1313 844 praefatosC
1342 788 1517 830 *missos
1539 789 1714 830 remisit
1729 789 1755 828 ¹.

275 848 480 902 Cumque
521 850 738 902 quattuor
779 849 851 889 vel
893 861 944 890 eo
987 849 1181 902 amplius
1225 848 1319 888 dies
1353 848 1467 888 inibi
1510 849 1756 888 adventum

274 907 493 948 Lodharii
536 906 912 961 praestolaretur,
961 909 1007 948 et
1053 906 1132 948 ille
1178 906 1331 947 venire
1379 906 1609 955 differret,
1658 919 1757 947 con-

216 981 248 1005 10
273 962 473 1007 tionem‘1
519 966 732 1014 advocat,
782 965 1025 1006 concilium
1065 965 1190 1013 iniit,
1240 964 1458 1017 quidnam
1505 964 1756 1005 consultius

274 1024 486 1078 deinceps
518 1024 588 1064 illi
621 1024 848 1077 agendum
880 1024 1124 1073 videretur,
1158 1022 1506 1064 deliberaturus.
1561 1022 1756 1072 Quidam

274 1085 426 1124 autem
461 1083 657 1132 aiebant,
692 1083 906 1136 quoniam
940 1084 1085 1123 mater
1116 1095 1197 1122 sua
1228 1095 1321 1121 una
1361 1094 1463 1122 cum
1496 1081 1756 1134 Aquitaniis

274 1141 534 1191 veniebatss,
569 1141 747 1182 obviam
780 1141 850 1181 illi
882 1142 947 1182 ire
981 1141 1167 1189 debere;
1202 1140 1280 1182 sed
1313 1140 1509 1180 maxima
1541 1153 1644 1194 pars
1677 1142 1757 1180 aut

274 1199 454 1241 obviam
477 1199 707 1240 Lodhario
739 1200 828 1240 iter
860 1200 1058 1253 arripere
1091 1198 1357 1248 suadebant,
1391 1201 1472 1238 aut
1504 1201 1638 1247 certe,
1663 1198 1756 1239 ubi-

214 1273 248 1298 15
275 1271 466 1311 cumque
498 1258 652 1306 vellet,
687 1258 934 1298 adventum
967 1257 1091 1298 illius
1124 1257 1394 1311 praestolari
1435 1257 1599 1298 debere
1642 1257 1755 1298 dice-

274 1316 410 1365 bant;
445 1316 501 1357 ob
536 1317 621 1357 hoc
655 1316 837 1370 quidem
872 1316 1077 1365 maxime,
1109 1316 1337 1369 quoniam,
1361 1315 1398 1356 si
1420 1328 1600 1369 quoquo
1622 1316 1756 1356 modo

272 1375 486 1416 aliorsum
519 1375 608 1416 iter
638 1375 820 1416 flectere
852 1375 1087 1428 coepisset,
1112 1374 1266 1415 cuncti
1286 1374 1445 1427 fugam
1466 1373 1598 1413 illum
1619 1374 1756 1414 inisse

272 1434 511 1483 iactarent,
546 1436 592 1474 et
632 1434 740 1474 hinc
773 1433 1051 1474 Lodharium
1094 1434 1140 1474 et
1181 1446 1284 1473 suos
1326 1432 1617 1473 audentiores
1660 1432 1756 1473 fieri

273 1492 461 1541 debere,
510 1495 647 1545 atque
692 1493 761 1541 hi,
810 1492 888 1545 qui
929 1492 1078 1532 adhuc
1120 1505 1255 1532 causa
1295 1491 1471 1532 timoris
1515 1491 1669 1532 neutri
1710 1504 1756 1532 se

214 1566 248 1590 20
274 1551 613 1605 copulaverant,
648 1551 705 1591 ad
737 1551 867 1591 illum
900 1550 1088 1592 affluere
1111 1550 1312 1603 undique
1335 1550 1601 1603 sperabant;
1636 1550 1757 1602 quod

274 1613 320 1651 et
352 1610 517 1651 evenit.
579 1609 711 1658 Nam,
745 1604 1047 1663 quamquamf
1079 1609 1280 1657 difficile,
1315 1608 1571 1661 praevaluit
1601 1610 1758 1648 tamen

274 1669 503 1709 sententia
535 1669 758 1722 priorum;
793 1682 927 1721 quam
961 1667 1017 1709 ob
1043 1681 1138 1708 rem
1161 1666 1535 1708 Cadhellonicam
1559 1666 1757 1707 Karolus

273 1726 388 1768 adiit
419 1727 592 1776 urbem,
624 1726 778 1780 ibique
819 1729 964 1767 matre
1005 1739 1097 1766 una
1138 1739 1240 1766 cum
1274 1726 1533 1778 Aquitaniis
1573 1726 1758 1778 recepta

271 1788 458 1840 repente
505 1785 765 1835 nunciatur,
814 1785 934 1838 quod
982 1784 1275 1826 Lodhuvicus
1322 1798 1425 1825 cum
1473 1783 1757 1824 Adhelberto

212 1859 246 1884 25
272 1844 387 1885 duce
428 1844 769 1884 Austrasiorum
810 1843 1012 1897 praeliog
1048 1843 1285 1884 commisso
1325 1843 1508 1884 vicisset
1539 1842 1756 1895 Renoque
1772 1855 1858 1885 (Maii
1871 1855 1929 1885 13)-

271 1903 465 1944 traiecto
498 1903 554 1943 ob
588 1903 713 1943 illius
747 1903 1040 1951 adiutorium,
1074 1902 1344 1955 quantocius
1377 1903 1541 1955 posset,
1566 1901 1755 1942 veniret.

273 1961 406 2012 Quod
439 1975 542 2002 cum
575 1962 696 2002 otius
718 1961 941 2002 universis
964 1961 1123 2002 castris
1156 1955 1393 2001 omnibus¹¹
1421 1963 1581 2001 notum
1614 1960 1756 2009 fieret,

273 2020 427 2061 cuncti
469 2020 608 2061 alacri
649 2020 813 2070 animo,
856 2022 909 2060 ut
948 2019 1019 2060 illi
1060 2019 1240 2060 obviam
1280 2019 1413 2068 irent,
1456 2014 1756 2060 suadebanti.

272 2079 529 2120 Lodharius
561 2092 738 2132 quoque
780 2074 861 2118 utk
898 2079 1009 2120 haec
1050 2079 1117 2119 ita
1150 2091 1196 2119 se
1231 2078 1398 2119 habere
1440 2077 1755 2131 deprehendit,

213 2153 247 2178 30
273 2137 574 2178 circumfusae
622 2137 745 2191 plebi
792 2137 1014 2178 Karolum
1066 2137 1225 2190 fugam
1271 2136 1408 2178 inisse
1460 2136 1757 2190 persequique

271 2196 416 2246 illum,
459 2197 730 2250 quantocius
771 2198 935 2250 posset,
976 2195 1094 2237 velle
1136 2195 1401 2244 denuntiat;
1445 2208 1533 2248 quo
1574 2194 1757 2248 quidem

272 2255 435 2296 nuntio
468 2255 582 2296 fidos
619 2255 705 2296 sibi
747 2255 988 2296 alacriores
1028 2254 1244 2302 reddidit,
1288 2254 1438 2295 dubiis
1470 2255 1621 2294 autem
1666 2253 1757 2306 qui-

273 2314 446 2367 busque
479 2316 525 2355 et
558 2313 780 2355 affluendi
822 2313 1060 2355 audaciam
1103 2313 1262 2354 iniecit
1303 2315 1350 2354 et
1390 2312 1609 2353 firmiores
1650 2324 1757 2352 suae

273 2373 394 2426 parti
434 2373 648 2413 reddidit.
723 2372 926 2426 Cumque
969 2371 1166 2412 Karolus
1208 2385 1234 2413 a
1275 2371 1504 2412 Lodhario
1549 2370 1758 2424 persequi

213 2446 247 2472 35
273 2444 319 2472 se
353 2431 598 2480 didicisset,
633 2431 847 2484 quoniam
879 2431 926 2471 in
960 2426 1162 2472 difficili¹
1205 2430 1304 2471 loco
1337 2430 1465 2483 aquis
1497 2429 1758 2483 paludibus-

273 2503 360 2542 que
403 2489 688 2531 circumfusis
732 2492 881 2531 castra
922 2491 1191 2544 posuerant,
1240 2491 1292 2529 ut
1336 2489 1505 2541 absque
1552 2487 1758 2541 qualibet

274 2548 565 2598 difficultate,
608 2549 645 2589 si
677 2548 933 2590 Lodharius
970 2548 1123 2597 vellet,
1166 2547 1382 2601 congredi
1423 2548 1620 2601 possent,
1662 2559 1757 2600 pro-

273 2681 299 2706 n)
332 2675 420 2704 legati
452 2672 631 2699 adlohuuico
663 2682 685 2699 ε.
801 2674 830 2705 b)
863 2674 942 2704 aegit
972 2682 995 2698 c.
1111 2675 1136 2704 c)
1169 2674 1283 2705 {nactos
1311 2680 1333 2700 c.
1448 2673 1476 2703 (1)
1509 2672 1704 2704 comptionem
1733 2679 1756 2696 c.

273 2710 300 2742 e)
320 2710 449 2734 uenebat
467 2716 541 2734 corr.
563 2710 711 2734 ueniebat.
786 2710 807 2741 r)
829 2710 886 2740 qua
905 2717 928 2733 c.
1004 2709 1032 2741 g)
1052 2709 1111 2740 plio
1133 2717 1155 2736 c.
1230 2709 1261 2740 h)
1281 2709 1369 2740 omib3
1390 2716 1411 2734 c.
1491 2708 1510 2740 i)
1531 2715 1583 2733 sua
1603 2706 1713 2733 debenv¹
1733 2713 1756 2731 c.

211 2745 247 2771 40
273 2744 301 2775 k]
324 2750 353 2769 ut
374 2751 429 2769 om.
450 2752 473 2770 c.
549 2745 567 2775 l)
589 2743 691 2769 dificili
710 2752 733 2769 c.

275 2839 308 2881 1)
337 2838 517 2871 Karolum
538 2840 699 2881 primum
722 2849 786 2882 per
811 2839 941 2881 Ieyatos
965 2849 987 2871 α
1013 2840 1131 2880 fratre
1156 2838 1334 2871 auxilium
1354 2839 1515 2880 petivisse
1536 2838 1631 2871 Arm.
1650 2835 1755 2869 Fuzd.

273 2896 306 2919 a.
333 2887 414 2925 841,
449 2886 470 2919 I.
496 2897 522 2921 c.
553 2897 592 2928 p.
619 2887 681 2926 32,
716 2886 899 2926 referunt,·
933 2885 979 2926 cf.
1014 2885 1133 2927 Meyer
1166 2895 1229 2918 von
1256 2885 1412 2918 Knonau
1448 2885 1470 2919 Z.
1496 2896 1522 2919 c.
1553 2895 1592 2927 p.
1617 2886 1663 2919 25
1680 2894 1758 2926 sq.,·

273 2933 458 2965 Dz'c'mmler
483 2933 505 2967 l.
532 2944 557 2967 c.
587 2944 623 2976 p.
654 2935 740 2975 1503
774 2932 1004 2965 Jmlzlbacher
1031 2933 1052 2966 l.
1080 2942 1104 2966 ο.
1137 2943 1194 2966 nr.
1224 2933 1347 2967 1369c.
