2125 3234
371 265 429 300 VI
955 267 1258 305 PRAEFATIO.

363 386 608 438 plerumque
639 385 807 438 erravit,
851 390 1026 427 ceterum
1062 385 1174 428 nibil
1205 386 1353 439 attulit,
1386 388 1496 438 quod
1527 386 1646 428 nobis
1677 386 1852 428 laudan-

373 445 469 485 dum
499 443 650 495 fuisset
669 445 694 485 ¹.

512 507 689 560 Eyreyii
719 507 803 548 viri
829 507 1069 559 Anyilberti
1094 511 1132 548 et
1155 507 1341 548 Bertlzae
1366 507 1525 548 Karoli
1546 507 1705 560 Magni
1735 507 1852 559 filiae

371 565 559 618 eyreyius
582 565 699 616 filius
721 565 992 606 Nitliardus²
1017 565 1090 606 sub
1117 565 1244 615 finem
1275 564 1431 606 saeculi
1457 565 1592 606 VIII.
1617 569 1853 618 proynatus

369 623 417 664 in
459 623 574 664 bellis
612 627 708 675 post
748 623 900 664 obitum
940 622 1147 664 Ludovici
1178 623 1218 664 I.
1266 623 1378 664 inter
1417 622 1530 674 filios
1569 622 1659 664 eius
1698 623 1853 664 exortis
1877 642 1894 667 5

372 682 536 722 Karolo
568 681 656 733 reci
687 681 840 733 animo,
874 680 1058 732 consilio,
1101 681 1272 722 brachio
1301 681 1469 731 fortiter
1500 680 1652 732 adfuit.
1720 680 1852 722 Initio

371 738 646 780 dissensionis
667 738 909 789 leqationem
938 739 996 780 ad
1015 738 1268 780 Lotlzarium
1299 738 1479 793 suscepit
1491 740 1518 791 3,
1551 739 1598 780 in
1620 739 1720 780 bello
1741 739 1853 780 Fon·

371 796 545 838 tanetico
576 797 828 838 Adallea-rdo
860 797 960 838 duce
990 811 1074 849 pro
1107 797 1273 838 Karolo
1305 797 1553 850 puynavit4,
1587 797 1853 850 Aquisyranz‘

369 855 480 896 inter
501 855 713 896 duodecim
744 854 858 896 viros
888 854 984 908 fuit,
1018 855 1166 908 quibus
1188 855 1381 896 Karolus
1411 855 1518 897 vices
1547 869 1648 896 suas
1677 855 1725 896 in
1751 855 1853 897 diri·

369 913 485 954 sione
530 912 651 965 regyni
696 913 897 954 Lotlzarii
943 913 1205 955 commiserat
1223 914 1250 955 5.
1324 913 1498 955 BIedias
1548 913 1659 955 inter
1709 915 1854 955 turbas
1880 929 1914 954 10

372 971 538 1012 Karolo
577 971 739 1012 iubente
778 985 916 1013 mense
947 971 1073 1012 fllaio
1104 986 1144 1012 a.
1179 975 1277 1013 841.
1310 971 1531 1013 historiam
1562 985 1714 1024 rerum,
1756 985 1853 1024 qua-

371 1044 465 1070 rum
505 1029 591 1082 ipse
623 1043 732 1082 pars
772 1029 917 1082 aliqua
961 1030 1114 1081 fuerat,
1156 1029 1421 1072 scribendam
1459 1030 1672 1084 suscepit⁶
1703 1034 1741 1072 et
1779 1031 1853 1072 sub

373 1087 506 1129 armis
531 1101 624 1129 vere
651 1087 759 1129 anni
780 1091 879 1128 843.
903 1088 1088 1130 absolvit.
1141 1089 1258 1130 Tunc
1283 1088 1393 1130 enim
1415 1087 1551 1130 taedio
1572 1087 1636 1129 rei
1658 1088 1855 1140 publicae

372 1146 433 1187 rel
464 1146 587 1187 aulae
619 1147 857 1199 correptus⁷
887 1146 1030 1198 fin-ivit
1061 1161 1172 1199 opus,
1207 1161 1258 1188 ne
1289 1148 1347 1188 ad
1368 1151 1538 1199 pactum
1570 1146 1734 1199 quidem
1763 1146 1855 1188 Vir-

372 1205 555 1246 dunense
587 1205 822 1257 perducens
835 1205 861 1257 ⁸,
904 1209 941 1246 et
979 1204 1026 1246 in
1062 1205 1359 1247 monasterium
1395 1206 1438 1246 S.
1472 1204 1674 1246 Richarii
1712 1204 1855 1247 Gentu-
1881 1223 1913 1248 ις)

372 1263 481 1304 leuse
513 1278 538 1304 a
562 1267 689 1315 patre
713 1263 1048 1316 splendidissime
1072 1268 1353 1305 restauratum
1375 1277 1418 1305 se
1438 1263 1600 1316 recepit.
1648 1263 1856 1305 Abbatiae

372 1335 398 1362 a
440 1320 692 1374 Riyboclone,
740 1326 786 1363 ut
831 1322 1016 1364 conicere
1061 1336 1222 1364 necesse
1261 1323 1358 1374 est9,
1407 1321 1675 1363 renuntiatae
1721 1321 1856 1364 laicus

371 1380 501 1421 abbas
516 1379 549 1404 ¹⁰
571 1394 651 1432 per
674 1395 858 1433 parvum
889 1385 1045 1433 tempus
1069 1379 1264 1433 praefuit
1294 1394 1468 1433 moxque
1494 1380 1657 1433 proelio
1687 1380 1856 1431 fortiter

365 1452 566 1490 pugnans
606 1438 763 1480 occisus
804 1443 874 1480 est.
943 1439 1134 1490 Confecit
1172 1439 1211 1480 ei
1252 1439 1370 1481 Mico
1409 1443 1535 1491 poeta
1582 1438 1853 1491 Centulensis,

371 1496 444 1548 qui
475 1498 526 1538 ab
559 1512 597 1538 a.
633 1501 730 1538 825.
764 1499 822 1539 ad
851 1513 891 1539 a.
926 1502 1023 1539 853.
1056 1497 1214 1549 floruit,
1253 1497 1522 1550 epitaphium,
1556 1498 1666 1549 quod
1694 1496 1761 1539 laic
1791 1511 1855 1538 er·
1881 1511 1915 1536 20

371 1554 510 1596 bibere
541 1555 658 1596 iurat
676 1556 722 1596 11.

376 1665 410 1706 1)
441 1663 536 1704 Quae
560 1665 600 1697 de
625 1665 804 1698 Nitliardo
829 1667 969 1707 eiusque
995 1676 1093 1708 opere
1117 1666 1316 1707 conscripta
1349 1669 1431 1697 sunt
1466 1666 1583 1697 omnia
1617 1666 1690 1705 fere
1718 1665 1857 1706 colleye-

376 1714 464 1743 runt
499 1712 543 1745 A.
579 1711 749 1753 Pottltast,
786 1712 953 1746 Bibliotli.
988 1712 1069 1747 hist.
1105 1713 1211 1744 medii
1243 1713 1330 1752 aeci,
1366 1712 1416 1748 ed,
1442 1713 1475 1753 2,
1512 1711 1563 1752 II,
1596 1722 1630 1754 p.
1657 1711 1725 1746 856
1743 1722 1792 1754 sq.
1826 1715 1855 1744 et

382 1757 420 1791 U.
449 1757 640 1800 Chevalz'er,
679 1758 892 1801 ‘Repertoire
927 1760 985 1791 des
1018 1769 1156 1792 sources
1189 1759 1399 1801 historiques
1435 1758 1482 1790 du
1512 1768 1634 1800 moyen
1662 1759 1736 1799 aye,
1772 1758 1857 1791 Bio-

374 1804 668 1847 Biblz'oqraplzie',
695 1807 745 1840 cd.
772 1808 804 1847 2,
831 1807 892 1840 col.
912 1807 1025 1844 3365,-
1050 1807 1095 1847 cf.
1122 1808 1227 1839 etiam
1249 1806 1301 1840 W.
1325 1805 1560 1845 lVattenbaclz,
1587 1804 1856 1838 ‘Deutschlands
1881 1811 1915 1836 25

377 1851 733 1895 Geschichtsquelleu’,
770 1854 818 1886 ed.
843 1855 875 1895 7,
902 1853 939 1894 I,
960 1864 998 1895 p.
1018 1854 1097 1887 233.
1210 1852 1245 1896 2)
1274 1853 1368 1893 Quae
1394 1852 1587 1894 He'uocqne,
1622 1851 1728 1886 ‘Ball
1754 1852 1794 1884 de
1820 1851 1855 1883 la

373 1907 437 1932 soc.
464 1899 522 1931 cles
547 1901 770 1942 antiquaire-s
803 1900 844 1932 de
869 1899 1044 1932 Picardie'
1070 1900 1144 1940 IX,
1173 1910 1212 1942 p.
1238 1900 1454 1940 250—269,
1491 1899 1544 1940 X,
1576 1909 1612 1941 p.
1639 1899 1856 1939 404—437,

375 1944 451 1985 XI,
484 1957 518 1988 p,
546 1947 661 1980 335—
673 1948 753 1989 351,
790 1947 898 1980 ‘Bisa
924 1947 964 1979 de
990 1946 1156 1989 l’abbaye
1180 1950 1210 1978 et
1235 1947 1276 1979 de
1309 1946 1344 1978 la
1376 1946 1452 1978 ville
1476 1946 1517 1977 de
1542 1945 1808 1988 St.-Riquier’‚
1836 1945 1861 1977 I

374 1991 507 2031 (‘Me'm.
533 1994 574 2025 de
600 1994 636 2025 la
661 2003 728 2028 soc.
754 1994 812 2026 cles
837 1995 946 2036 antiq.
972 1994 1012 2026 de
1038 1992 1213 2026 Picardie’
1241 1993 1325 2033 IX),
1355 2004 1392 2036 p.
1417 1993 1609 2027 95—111.
1639 1993 1856 2032 239—242‚

374 2039 542 2072 audacter
576 2042 691 2081 mayis
723 2051 829 2083 quam
857 2041 1055 2083 prudenter
1089 2040 1351 2082 affirmaverat,
1385 2039 1605 2071 Nithardum
1638 2049 1700 2072 nec
1729 2039 1858 2080 Aityil-
1882 2044 1916 2071 30

375 2085 463 2118 berti
486 2086 703 2130 Berthaeque
736 2088 851 2128 filium
886 2097 946 2120 nec
980 2087 1137 2120 abbatem
1164 2087 1399 2120 C'entulensem
1434 2097 1493 2119 nec
1528 2090 1699 2119 auctorem
1732 2085 1856 2118 Histo-

346 2133 517 2165 ,riarum
555 2133 641 2166 libri
673 2135 792 2176 fuisse,
828 2135 956 2168 diserte
989 2135 1143 2175 refellere
1177 2144 1264 2176 opus
1299 2143 1369 2166 non
1403 2137 1462 2167 est.
1558 2134 1594 2175 3)
1624 2132 1664 2166 L.
1691 2132 1744 2173 II,
1770 2143 1796 2166 c.
1824 2134 1856 2173 2,

375 2180 479 2220 infra
503 2192 538 2223 p.
559 2182 602 2215 14
619 2192 667 2223 sq.
750 2181 786 2225 4)
815 2181 850 2215 C.
872 2183 926 2222 10,
949 2193 985 2224 p.
1004 2183 1060 2216 27.
1135 2182 1170 2223 5)
1194 2181 1235 2215 L.
1255 2180 1323 2222 IV,
1350 2192 1376 2215 c.
1397 2183 1428 2221 1,
1448 2191 1487 2222 p.
1505 2181 1561 2215 40.
1637 2180 1671 2221 6)
1697 2179 1856 2220 Praefat.

377 2226 396 2260 l.
416 2226 448 2267 I,
472 2239 506 2270 p.
527 2229 558 2269 l,
585 2238 620 2260 n.
640 2231 670 2262 1.
770 2229 804 2271 7)
832 2227 996 2269 Praefat.
1023 2229 1045 2262 l.
1065 2228 1133 2270 IV,
1154 2238 1192 2270 p,
1212 2229 1267 2263 39.
1364 2227 1400 2271 S)
1429 2226 1527 2267 Quod
1551 2229 1681 2259 mirum
1707 2236 1774 2259 non
1797 2231 1857 2267 est,

376 2282 452 2305 cum
487 2284 554 2316 res,
589 2285 679 2317 quas
712 2277 750 2308 tn
783 2275 852 2316 fine
885 2275 972 2307 libri
996 2275 1019 2308 I
1025 2275 1063 2312 V,
1096 2279 1239 2316 narrat,
1274 2274 1387 2308 eodemv
1411 2276 1485 2316 fere
1509 2278 1660 2316 tempore
1685 2283 1753 2316 quo
1777 2283 1857 2306 con-
1883 2278 1917 2305 35

376 2320 554 2362 tinqebant
583 2323 816 2364 descripserit,
850 2324 997 2362 nescius,
1031 2322 1201 2364 quamdiu
1234 2322 1465 2355 dissensiones
1497 2322 1569 2352 iam
1599 2324 1857 2363 permanerent.

376 2367 565 2410 Postquam
601 2380 622 2401 a
658 2380 696 2402 re
724 2369 869 2411 publica.
900 2373 1093 2409 secesserat,
1127 2369 1295 2401 historiae
1328 2369 1531 2401 scribemtae
1556 2368 1724 2409 officium,
1758 2368 1858 2399 cuius

377 2415 448 2446 iam
477 2420 579 2448 antea
605 2426 680 2448 eum
704 2417 873 2458 pe'yuerat
899 2417 964 2457 (cf.
990 2417 1106 2459 praef.
1134 2416 1156 2450 l.
1182 2416 1255 2450 III.
1283 2416 1348 2457 11⁷,
1382 2427 1415 2458 p.
1442 2417 1487 2449 27
1505 2425 1553 2457 sq.
1584 2416 1659 2455 39),
1697 2413 1859 2447 abbatiae

377 2471 477 2494 onere
501 2466 655 2504 suscepto
681 2465 821 2496 omuino
855 2464 1046 2506 mylen-isse
1076 2463 1214 2495 ridetur
1244 2472 1303 2495 nec
1332 2462 1442 2505 paulo
1475 2465 1552 2504 post
1579 2463 1650 2494 rita
1675 2461 1860 2503 defunctus

376 2511 434 2543 est.
485 2508 639 2542 Proinde
665 2520 753 2553 opus
776 2521 845 2543 nou
872 2512 1047 2552 inteyrum
1074 2511 1122 2542 ad
1147 2520 1210 2543 nos
1235 2511 1364 2542 venisse
1389 2509 1489 2542 nulla
1520 2508 1699 2552 probabili
1723 2509 1859 2540 ratione
1882 2513 1917 2538 40

376 2555 521 2597 quidam
547 2559 683 2600 opinati
705 2561 813 2597 sunt,·
848 2559 891 2598 cf.
919 2556 958 2591 F.
987 2557 1116 2589 Guizot
1145 2567 1183 2599 p.
1210 2558 1290 2591 429.
1317 2556 1401 2589 libri
1425 2556 1528 2596 infra
1558 2567 1594 2599 p.
1620 2554 1732 2596 XIII,
1762 2565 1796 2588 n.
1823 2556 1855 2588 3.

377 2602 516 2636 laudati
524 2615 534 2641 ;
568 2604 688 2646 Meyer
712 2614 776 2637 ron
802 2604 958 2637 Knonau
983 2616 1018 2647 p.
1044 2605 1122 2643 122,
1148 2615 1182 2638 n.
1209 2605 1298 2646 4873
1333 2603 1371 2638 U.
1398 2602 1567 2644 Baliare,
1602 2601 1756 2635 ‘Studien
1786 2601 1858 2633 und

377 2648 515 2684 Mittez'l.
551 2661 618 2683 aus
650 2651 723 2684 dem
758 2651 908 2686 Beued.-
942 2652 1016 2683 und
1049 2652 1123 2684 dem
1157 2649 1570 2684 Zisterzienser-Orden'
1606 2648 1703 2682 VIII
1726 2649 1857 2690 (1887),

377 2706 410 2738 p.
436 2699 512 2731 178.
609 2699 643 2740 9)
676 2699 730 2739 Cf.
758 2699 799 2732 L.
832 2698 983 2739 Traube,
1011 2698 1133 2731 Poetae
1159 2698 1240 2732 Lat.
1267 2699 1344 2730 aevi
1368 2697 1484 2731 carol.
1511 2696 1584 2738 III,
1608 2707 1644 2740 p.
1661 2696 1742 2735 268,
1770 2705 1806 2727 n.
1825 2696 1856 2730 6.

379 2746 436 2784 10)
460 2744 583 2777 Omnes
601 2745 740 2778 Contuli
763 2746 826 2778 hoc
851 2749 1001 2788 tempore
1025 2745 1164 2778 abbates
1190 2745 1294 2778 laicos
1314 2745 1476 2787 familiae
1500 2745 1616 2785 reyv'ae
1637 2742 1858 2786 propinquos
1882 2749 1917 2774 45

377 2790 490 2830 fuisse
524 2792 572 2826 lif.
602 2792 845 2833 H'attenbach,
882 2792 1251 2835 ‘Geschichtsquellen’,
1285 2793 1334 2825 ed.
1363 2793 1396 2832 7,
1423 2791 1458 2831 I,
1488 2802 1524 2834 p.
1551 2791 1631 2829 331,
1658 2792 1686 2822 et
1718 2789 1859 2821 Traube

379 2837 398 2872 l.
417 2847 442 2872 c.
466 2850 502 2881 p.
522 2840 589 2873 ‘263
602 2850 665 2882 sq.,
690 2841 797 2882 quiet
814 2843 958 2872 stemma
981 2849 1098 2872 eorum
1125 2839 1276 2875 subiecit.
1303 2843 1389 2872 recte
1410 2838 1590 2871 diacorum.
1688 2836 1744 2877 11)
1773 2835 1860 2868 Eat-

377 2885 500 2918 tionem
528 2897 549 2917 α
577 2886 749 2919 Ludorico
781 2886 920 2919 Traube
947 2887 968 2920 l.
996 2896 1022 2920 c.
1048 2897 1086 2929 p.
1113 2888 1182 2921 310
1199 2896 1248 2928 sq.
1274 2888 1442 2928 paratam
1469 2887 1604 2918 secutus
1626 2893 1715 2917 sum.
