2125 3234
264 424 345 458 841.

262 893 343 926 842.

359 303 405 336 42
642 297 899 333 NITHARDI
923 297 1285 334 HISTORIARUM
1309 298 1464 334 LIBER
1488 298 1556 335 IV.

361 433 556 461 cessores
589 419 659 460 sui
689 421 907 473 tempore,
942 433 1029 471 quo
1051 419 1277 460 idolorum
1300 419 1498 460 cultores
1524 423 1666 469 erant,
1701 420 1841 461 habu-

361 480 503 527 erant,
529 478 717 519 eandem
739 478 832 518 illis
855 477 1068 530 deinceps
1094 477 1352 518 habendam
1375 478 1644 519 concederet
1659 478 1686 517 1.
1740 478 1841 529 Qua

360 550 497 590 supra
536 537 721 577 modum
762 535 915 589 cupidi
964 548 1129 576 nomen
1172 548 1339 576 novum
1381 535 1480 584 sibi,
1527 536 1576 576 id
1617 539 1685 577 est
1728 537 1840 578 Stel-

360 594 530 648 lingaa,
572 594 916 648 imposuerunt²
948 595 994 634 et
1030 593 1078 633 in
1110 607 1252 633 unum
1285 593 1548 646 conglobati
1581 593 1775 635 dominis
1816 608 1840 636 e

358 666 498 706 regno
539 665 682 706 poene
723 652 865 705 pulsis
906 665 1029 693 more
1071 652 1260 705 antiquo
1301 665 1390 704 qua
1431 652 1620 705 quisque
1656 652 1841 693 volebat
1866 667 1882 693 5

359 711 458 765 lege
510 710 705 751 vivebat.
777 710 972 763 Insuper
1023 712 1175 751 autem
1229 710 1484 751 Lodharius
1531 710 1841 752 Nortmannos

360 782 495 810 causa
541 764 758 809 subsidiib
803 769 1121 809 introduxerat
1165 770 1431 822 partemque
1477 768 1840 810 Christianorum

359 827 450 868 illis
494 827 762 868 subdiderat
776 826 802 876 3,
846 827 1009 880 quibus
1051 827 1210 877 etiam,
1252 830 1304 868 ut
1347 829 1520 869 ceteros
1558 828 1840 869 Christianos

360 885 703 939 depraedarent,
744 885 978 927 licentiam
1014 885 1167 926 dabat.
1228 886 1381 939 Igitur
1421 888 1629 927 metuens
1661 886 1840 927 Lodhu-

358 944 495 993 vicus,
539 958 596 985 ne
635 945 783 986 idemc
821 944 1099 985 Nortmanni
1139 958 1221 985 nec
1253 958 1346 985 non
1388 947 1433 985 et
1466 944 1616 985 Sclavi
1656 947 1841 999 propter
1867 962 1901 987 ιο

359 1003 632 1044 affinitatem
676 1003 943 1053 Saxonibus,
993 1003 1070 1056 qui
1117 1016 1163 1044 se
1205 1002 1432 1056 Stellinga
1478 1002 1839 1052 nominaverant,

358 1062 689 1114 coniungerent
729 1075 1010 1115 regnumque
1051 1061 1138 1102 sibi
1168 1061 1446 1102 vindicaturi
1485 1061 1754 1102 invaderent
1795 1063 1841 1102 et

359 1119 665 1161 Christianam
716 1120 985 1173 religionem
1037 1120 1108 1161 his
1162 1120 1211 1160 in
1262 1120 1468 1173 partibus
1520 1119 1838 1160 annullarent:

356 1192 491 1231 quam
524 1178 580 1219 ob
612 1192 721 1229 rem,
763 1179 834 1219 uti
874 1178 1189 1232 praetulimus,
1230 1174 1563 1233 praemaxime‘l
1609 1207 1840 1218 ......

356 1237 470 1277 adiit
512 1239 570 1286 et,
614 1238 662 1277 in
696 1240 919 1291 quantum
950 1237 1110 1286 valuit,
1153 1238 1288 1278 simul
1330 1241 1376 1278 et
1409 1239 1561 1278 cetera
1598 1237 1728 1291 regni
1770 1238 1840 1278 sui
1868 1256 1900 1282 15

356 1296 589 1346 scandala,
637 1309 695 1337 ne
743 1298 827 1337 hoc
875 1296 1254 1338 nefandissimum
1302 1296 1472 1336 malum
1520 1298 1705 1337 sanctae
1754 1296 1842 1337 Dei

356 1354 574 1396 ecclesiae
601 1355 847 1403 deveniret,
882 1355 1097 1409 precavit.
1152 1355 1328 1406 Quibus
1354 1354 1546 1408 expletis
1569 1354 1839 1395 Viridunen-

356 1414 471 1454 sium
505 1413 737 1455 civitatem
769 1414 1060 1455 Lodhuvicus
1092 1427 1172 1468 per
1193 1412 1606 1462 Teotonis-villam,
1640 1412 1839 1454 Karolus

355 1474 509 1513 autem
531 1486 611 1525 per
632 1473 902 1514 Remensem
924 1473 1083 1513 urbem
1111 1473 1296 1521 adeunt,
1330 1471 1439 1525 quid
1462 1471 1674 1525 deinceps
1707 1485 1840 1526 agen-

356 1531 462 1570 dum
495 1531 739 1580 videretur,
775 1531 1120 1572 deliberaturie.
1866 1546 1901 1570 20

497 1604 535 1641 3.
584 1601 671 1642 Per
701 1601 823 1642 idem
855 1603 1037 1655 tempus
1059 1601 1335 1643 Nortmanni
1359 1600 1569 1655 Contwig
1602 1601 1840 1655 depredati

354 1662 474 1709 sunt,
506 1660 709 1713 inibique
732 1673 856 1701 mare
878 1661 1070 1702 traiecto
1089 1660 1329 1713 Hamwig4
1352 1662 1397 1701 et
1415 1659 1456 1700 N
1461 1655 1809 1713 ordhunnwigf·
1825 1658 1841 1684 ⁵

354 1718 564 1760 similiter
588 1719 855 1773 depopulati
880 1721 1000 1759 sunt.
1049 1719 1305 1760 Lodharius
1338 1721 1504 1768 autem,
1538 1721 1591 1759 ut
1623 1732 1669 1760 se
1702 1732 1839 1772 supra-

352 1778 497 1831 ripam
534 1777 714 1818 Rodani
753 1778 939 1832 recepit,
981 1778 1164 1832 navigio
1206 1778 1407 1819 eiusdem
1448 1777 1648 1818 fluminis
1689 1777 1837 1819 fretus

352 1836 467 1877 inibi
492 1836 683 1885 resedit;
717 1850 805 1889 quo
828 1836 1030 1890 undique
1053 1850 1164 1890 quos
1186 1837 1332 1877 valuit
1358 1836 1444 1877 sibi
1475 1836 1523 1876 in
1550 1836 1833 1877 subsidiumg
1866 1856 1899 1880 25

353 1895 568 1936 adtraxit.
616 1894 944 1936 Verumtamen
977 1896 1179 1949 legatum
1214 1896 1272 1936 ad
1303 1895 1468 1936 fratres
1501 1908 1604 1936 suos
1638 1895 1838 1948 dirigens

353 1954 554 2002 mandat,
589 1954 626 1994 si
658 1953 806 2003 sciret,
834 1968 924 2007 qua
946 1954 1043 1996 fieri
1065 1955 1230 2009 posset,
1265 1954 1485 2008 primores
1513 1966 1616 1994 suos
1649 1954 1707 1994 ad
1734 1953 1838 1995 illos

353 2012 548 2067 dirigere
588 2012 729 2053 vellet
771 2013 827 2054 de
869 2026 979 2066 pace
1021 2013 1367 2055 deliberaturos.
1429 2012 1715 2066 Responsum
1754 2015 1836 2061 est,

351 2071 557 2112 mitteret
598 2084 710 2124 quos
747 2071 900 2120 vellet,
943 2072 1081 2113 facile
1123 2071 1373 2125 quemlibet
1414 2071 1528 2113 scire
1571 2085 1713 2126 posse,
1748 2085 1837 2126 qua

347 2129 444 2171 illis
478 2130 712 2171 deveniret
745 2143 861 2179 esse;
901 2131 989 2184 ipsi
1021 2144 1126 2172 vero
1158 2144 1250 2171 uno
1283 2131 1532 2184 eodemque
1563 2130 1727 2172 itinere
1759 2144 1839 2185 per
1865 2149 1899 2175 30

351 2188 733 2230 Tricasinensium
757 2188 1168 2231 Cadhellonensem
1192 2190 1364 2230 adeunt
1386 2189 1546 2230 urbem
1560 2189 1587 2229 ⁶.
1633 2188 1837 2242 Cumque

353 2280 380 2304 a]
400 2279 566 2313 stellingua
585 2283 724 2312 ezpuncto
750 2287 768 2305 u
790 2287 864 2307 corr,
883 2279 1036 2310 stellinga.
1118 2281 1146 2309 b)
1172 2279 1270 2306 subdii
1289 2288 1364 2308 corr.
1382 2279 1515 2307 subsidii.
1593 2282 1620 2311 c)
1647 2279 1742 2306 eidem
1761 2289 1836 2307 corr.

351 2315 442 2347 idem,
464 2323 479 2341 e
498 2319 646 2348 expuncto.
721 2316 749 2346 d)
769 2316 896 2347 sequitur
914 2316 1018 2340 lacuna
1040 2316 1199 2340 litterarum
1218 2316 1278 2346 fere
1298 2317 1416 2347 viyr'ntn',·
1435 2316 1587 2341 Coloniam
1606 2317 1701 2348 suppl.
1723 2317 1751 2340 in
1772 2318 1835 2342 edd.

345 2351 496 2382 prioribus
520 2359 555 2376 es
574 2352 633 2376 loco
657 2359 686 2382 p.
707 2352 751 2381 41,
772 2352 790 2378 l.
804 2352 835 2382 ’ἲ;
861 2351 897 2381 cf.
917 2351 1014 2382 Meyer
1034 2358 1085 2375 ron
1105 2351 1228 2376 Knonau
1249 2352 1268 2376 l.
1287 2359 1310 2376 c.
1333 2360 1364 2382 p.
1385 2353 1446 2381 121,
1473 2360 1500 2377 n.
1522 2353 1582 2379 484.
1671 2353 1697 2383 e)
1724 2350 1836 2379 delibe-

351 2387 444 2411 raturi
464 2394 477 2411 e
495 2385 681 2412 dilibcraturi
703 2394 760 2411 esse
780 2389 934 2411 corr-ectum
956 2387 1074 2414 videtur,
1146 2387 1167 2418 ί)
1188 2385 1409 2417 Nordhfinuuig
1428 2395 1450 2412 c.
1526 2389 1554 2418 g)
1574 2387 1711 2412 subdium
1732 2395 1755 2414 c.
1865 2393 1898 2418 35

353 2458 386 2499 1)
415 2457 467 2499 C'f.
493 2459 588 2492 Ann.
616 2458 750 2492 Bet-tin.
779 2468 812 2492 α.
838 2459 920 2500 841,
947 2457 968 2492 l.
995 2467 1021 2492 c.
1050 2468 1089 2500 p.
1115 2458 1182 2492 26:
1218 2458 1253 2490 in
1288 2459 1430 2491 tannim
1466 2459 1506 2491 ut
1535 2457 1738 2492 Saxonibus
1775 2457 1836 2501 qui

351 2503 531 2548 Stellinga
565 2505 805 2548 appellantur,
840 2515 993 2547 quorum
1028 2503 1265 2548 multiplicior
1297 2515 1467 2538 numerus
1503 2504 1539 2538 in
1567 2515 1692 2539 eorum
1726 2507 1835 2550 gente

350 2550 515 2594 habetur,
551 2552 735 2585 obtionem
767 2551 1025 2594 cuiuscumque
1060 2551 1150 2596 legis
1185 2551 1242 2585 vel
1277 2551 1507 2595 antiquorum
1534 2551 1720 2586 Saxonum
1751 2563 1837 2586 con-

351 2597 561 2640 suetudinis,
597 2601 716 2632 utram
751 2609 875 2633 carum
911 2598 1071 2641 mallent,
1108 2598 1335 2637 concesserit,
1443 2601 1480 2640 2)
1513 2599 1566 2641 Cf.
1595 2600 1689 2634 Anu.
1721 2599 1834 2634 Xant.

350 2657 383 2679 α.
402 2647 483 2681 841.
509 2647 530 2680 I.
550 2656 599 2680 c..·
623 2656 756 2680 nomen
782 2645 849 2679 sibi
876 2650 1141 2689 usurpaverunt
1166 2646 1370 2690 Stellingas.
1459 2648 1496 2689 3>
1525 2646 1697 2680 Herioldo
1718 2647 1836 2679 Waltz·
1862 2661 1897 2685 40

350 2702 449 2725 cram
482 2693 639 2726 insulam
675 2694 817 2736 aliaque
854 2694 967 2726 vicina
1004 2694 1077 2726 loca
1111 2694 1150 2726 in
1185 2693 1383 2735 beneficium
1418 2695 1620 2735 conferens;
1657 2694 1704 2734 cf.
1740 2695 1834 2728 Arm.

350 2739 485 2774 Bertin.
514 2750 546 2775 α.
564 2742 645 2782 841,
674 2741 695 2774 l.
721 2751 748 2773 c.
769 2752 806 2784 p.
825 2742 882 2775 26.
979 2742 1018 2783 4)
1042 2739 1111 2774 Hic
1137 2741 1231 2773 Iocus
1257 2742 1329 2773 iam
1355 2751 1425 2774 non
1452 2742 1582 2781 mul-stit,
1608 2742 1645 2773 in
1671 2742 1833 2774 comitatu

350 2786 580 2830 Hampshire,
615 2787 715 2821 haud
744 2788 873 2830 procul
906 2798 927 2819 (1
955 2787 1210 2831 Southampton
1240 2789 1332 2821 situs
1357 2793 1433 2821 erat
1458 2787 1514 2829 (Ο.
1542 2787 1834 2829 Holder-Eyyer,

350 2833 412 2868 SS.
440 2834 479 2867 X
486 2833 525 2876 V,
548 2846 585 2878 p.
607 2836 663 2877 91,
689 2846 723 2869 n.
743 2836 792 2872 3).
890 2835 926 2877 5)
953 2834 1124 2868 Fortasse
1148 2835 1337 2877 Nor-warh,-
1366 2835 1413 2876 cf.
1440 2835 1560 2876 Meyer
1586 2845 1648 2868 von
1677 2835 1834 2868 Knonau

350 2880 370 2915 Ι.
398 2891 423 2915 e.
447 2892 485 2925 p.
513 2883 591 2923 121,
616 2893 651 2916 n.
677 2883 766 2923 4833
802 2881 987 2914 Dammler
1011 2882 1035 2917 Ι.
1060 2893 1086 2917 c.
1110 2893 1146 2924 1².
1177 2884 1253 2924 197,
1280 2893 1314 2917 n.
1342 2884 1373 2917 2.
1483 2882 1518 2926 6)
1553 2882 1639 2915 Cum
1672 2882 1837 2915 dubitare
1863 2896 1898 2921 ⁴5

350 2938 417 2960 non
452 2929 566 2970 liceat,
600 2930 685 2972 quin
719 2931 844 2962 auctor
877 2931 1047 2962 civitatem
1083 2930 1130 2961 ad
1155 2929 1359 2963 Matronam
1386 2928 1835 2971 (Chalons-sur-Marme),
