2125 3234
184 967 216 992 10

185 1258 217 1284 15

185 1552 220 1576 20

186 1856 221 1880 25

189 2148 224 2174 80

193 2467 226 2493 35

526 301 783 338 NITHARDI
807 299 1172 336 HISTORIARUM
1197 298 1352 335 LIBER
1376 298 1426 335 II.
1673 298 1716 334 15

238 438 295 467 ne
324 437 517 478 regnum
549 423 636 464 sibi
667 437 695 464 a
726 423 824 464 Deo
857 422 1145 464 commissum
1177 419 1428 474 perturbet.
1492 418 1717 460 Cederent
1730 425 1810 459 840.

238 483 438 536 undique
470 482 572 536 paci
603 484 740 535 atque
773 481 1054 528 concordiae,
1096 481 1143 521 et
1183 479 1269 520 hoc
1310 491 1356 519 se
1397 490 1479 518 sua
1519 490 1717 517 suorum-

239 554 326 595 que
358 553 412 582 ex
444 543 573 595 parte
605 543 757 581 ratum
787 540 941 581 videre
974 552 1025 580 ac
1058 551 1138 592 per
1178 538 1264 578 hoc
1306 548 1571 577 conservare
1603 534 1717 575 velle

239 599 496 647 mandavit;
545 599 667 652 quod
709 599 796 640 etsi
836 598 954 639 alter
993 597 1080 638 hoc
1119 596 1187 636 ita
1227 608 1323 636 esse
1362 607 1453 635 non
1500 592 1716 640 crederet,

239 671 523 712 quocumque
555 657 695 698 vellet
727 657 861 698 modo
894 669 948 698 ex
980 655 1050 696 his
1082 654 1213 695 illum
1247 655 1421 695 certum
1453 665 1500 693 se
1538 651 1719 693 efficere

240 716 460 771 promisit.
523 715 650 766 Quae
683 715 865 768 quidem
898 713 1154 755 Lodharius
1186 711 1404 753 simulans
1436 724 1483 752 se
1524 709 1719 764 benigne

241 774 467 828 suscipere
499 773 675 827 legatos
708 776 890 814 tantum
932 771 1222 814 salutationis
1263 783 1399 811 causa
1437 769 1585 811 redire
1626 781 1720 822 per-

242 833 364 874 misit
410 845 462 873 ac
503 845 583 886 per
623 845 728 873 suos
768 845 814 873 se
860 844 1180 885 responsurum
1223 829 1279 871 de
1321 828 1483 870 ceteris
1524 839 1619 869 esse
1658 839 1722 868 re-

241 891 439 946 spondit.
508 890 702 945 Insuper
742 891 894 938 etiam,
936 889 1148 943 quoniam
1183 889 1240 929 ad
1281 888 1430 941 ipsum
1467 899 1514 928 se
1546 888 1722 927 vertere

241 950 465 990 frustrata
511 949 599 990 fide
647 949 915 996 noluerunt,
969 947 1242 995 honoribus,
1296 959 1408 999 quos
1455 946 1585 999 pater
1630 943 1722 983 illis

242 1008 478 1051 dederata.
532 1008 750 1062 privavit2
805 1008 892 1053 ita,
946 1007 1056 1060 quid
1101 1005 1235 1046 fratri
1281 1004 1433 1045 facere
1485 1003 1720 1055 cogitaret.

242 1066 401 1108 nolens
432 1067 652 1107 indicium
686 1066 838 1107 dabat.
901 1065 1086 1106 Interea
1118 1076 1272 1105 omnes
1309 1063 1429 1104 inter
1461 1062 1634 1102 Mosam
1677 1062 1724 1101 et

243 1126 499 1179 Sequanam
541 1125 758 1179 degentes
799 1126 856 1165 ad
890 1123 1110 1165 Karolum
1153 1116 1400 1163 miseruntb
1439 1120 1722 1166 mandantes,

242 1186 316 1233 ut,
365 1185 607 1237 antequam
657 1186 708 1224 ac
757 1183 986 1224 Lodhario
1033 1182 1486 1236 praeoccuparentur,
1534 1177 1722 1225 veniret,

243 1242 491 1283 adventum
539 1243 635 1283 eius
682 1254 728 1282 se
769 1240 1128 1295 praestolaturos
1172 1239 1505 1294 promittentes.
1577 1236 1723 1287 Quam

243 1301 300 1342 ob
332 1314 427 1341 rem
461 1314 563 1341 cum
604 1300 844 1354 perpaucis
875 1299 1074 1339 Karolus
1115 1299 1201 1339 hoc
1240 1298 1328 1338 iter
1369 1296 1627 1337 accelerans
1667 1294 1724 1336 ab

244 1359 493 1413 Aquitania
526 1358 803 1399 Carisiacum
845 1357 970 1399 venit
1011 1359 1058 1398 et
1098 1370 1124 1397 a
1157 1355 1446 1397 Carbonariis
1487 1357 1533 1395 et
1573 1349 1721 1393 infra‘l

244 1419 302 1459 ad
334 1431 380 1459 se
412 1417 646 1459 venientes
684 1417 880 1471 benigne
921 1415 1167 1469 suscepite.
1239 1415 1380 1454 Extra
1418 1427 1524 1454 vero
1556 1412 1727 1453 Heren-

243 1476 404 1521 fridus,
439 1475 766 1523 Gislebertus1,
801 1476 925 1516 Bovo
958 1488 1009 1516 ac
1043 1474 1182 1515 ceteri
1214 1473 1270 1514 ab
1299 1471 1500 1514 Odulfo2
1533 1470 1726 1524 decepti,

246 1536 470 1576 firmatam
504 1535 638 1576 fidem
672 1534 979 1588 neglegentes,
1014 1533 1295 1574 defecerunt.

387 1609 426 1645 3.
502 1605 673 1646 Eodem
723 1607 928 1658 tempore
980 1603 1141 1644 missus
1194 1602 1249 1643 ab
1303 1601 1552 1655 Aquitania
1603 1599 1729 1641 venit

245 1665 476 1712 nuntians,
511 1664 630 1717 quod
666 1664 884 1717 Pippiuus
918 1676 1018 1703 cum
1056 1662 1125 1701 his
1158 1662 1235 1714 qui
1278 1656 1425 1714 partif
1463 1672 1570 1700 suae
1609 1659 1728 1699 fave-

246 1723 357 1764 bant
397 1735 532 1776 super
572 1724 762 1763 matrem
805 1720 966 1761 Karoli
1006 1721 1178 1761 irruere
1219 1719 1380 1767 vellet;
1428 1732 1479 1759 ac
1521 1731 1601 1771 per
1643 1717 1728 1758 hoc

246 1781 444 1822 Karolus
477 1781 675 1822 Francos
707 1780 822 1821 inibi
862 1779 1079 1820 omittens
1121 1778 1321 1823 mandat,
1365 1777 1403 1817 si
1441 1776 1546 1817 illos
1586 1776 1731 1816 frater

247 1853 367 1886 suus,
402 1840 544 1881 donec
579 1841 896 1887 reverteretur,
940 1837 1194 1892 opprimere
1225 1836 1378 1885 vellet,
1423 1835 1602 1877 obviam
1644 1834 1730 1875 sibi

247 1899 557 1953 procederent.
630 1898 825 1952 Insuper
866 1897 923 1938 ad
956 1896 1236 1937 Lodharium
1269 1894 1554 1949 Hugonem3,
1597 1892 1731 1934 Adel-

248 1957 455 2005 liardum,
491 1957 779 1998 Gerhardum
822 1959 867 1997 et
901 1954 1205 2008 Hegilonem⁴
1240 1954 1418 2002 direxit,
1462 1955 1729 2005 cunctaque,

248 2029 362 2070 quae
393 2018 505 2056 tunc
538 2029 682 2069 nuper
713 2015 784 2055 illi
817 2015 1125 2062 mandaverat,
1158 2012 1385 2067 replicans
1418 2025 1499 2053 nec
1529 2014 1650 2052 nong
1686 2012 1732 2052 et

248 2088 329 2129 pro
353 2074 451 2115 Deo
484 2075 754 2128 deprecatus
788 2076 868 2122 est,
903 2087 958 2114 ne
991 2085 1095 2113 suos
1123 2072 1209 2113 sibi
1232 2072 1504 2112 subtrahens
1526 2083 1730 2123 regnum,

249 2133 369 2187 quod
403 2133 527 2174 Deus
560 2135 778 2187 paterque
813 2146 893 2173 suo
927 2144 1148 2173 consensu
1182 2130 1250 2171 illi
1293 2130 1494 2178 dederat,
1537 2127 1734 2182 amplius

250 2192 453 2247 dissipet.
517 2192 576 2232 Et
609 2192 679 2232 his
720 2192 786 2232 ita
818 2191 1079 2244 compositis
1120 2190 1167 2230 in
1202 2188 1496 2242 Aquitaniam
1537 2187 1733 2229 festinus

250 2251 449 2305 perrexit
482 2264 705 2304 superque
739 2250 986 2304 Pippinum
1029 2252 1075 2290 et
1116 2261 1219 2289 suos
1260 2249 1437 2288 irruens
1478 2247 1590 2300 fuga
1630 2245 1734 2286 illos

250 2309 374 2351 abire
423 2309 657 2364 compulit.
736 2309 822 2350 Per
867 2309 986 2350 idem
1035 2311 1216 2361 tempus
1264 2321 1365 2348 cum
1407 2305 1662 2347 Lodharius
1710 2318 1736 2344 a

252 2431 279 2461 a)
300 2433 363 2454 ante
382 2430 453 2453 hanc
474 2436 563 2454 rocem
584 2430 694 2461 aliquid
715 2437 810 2453 rasum
830 2431 879 2454 est.
960 2429 987 2458 h)
1010 2428 1179 2457 misserunt,
1195 2428 1295 2459 priore
1315 2435 1326 2450 s
1345 2429 1482 2458 empunrlo
1504 2433 1527 2450 c.
1608 2433 1633 2449 c=
1654 2423 1692 2449 ad
1711 2432 1733 2449 c.

253 2466 280 2493 d}
308 2466 386 2490 infra
407 2472 463 2495 pro
489 2466 567 2489 intra
593 2472 669 2489 more
693 2466 862 2495 scriptorum
890 2464 975 2487 merlin·
999 2464 1060 2487 aet-i
1086 2464 1196 2487 videtur
1220 2470 1277 2486 esse
1302 2463 1459 2492 scriptum,-
1489 2461 1525 2490 cf.
1550 2460 1737 2485 Miihlbacher

253 2502 271 2527 l.
296 2508 319 2525 c.
340 2508 384 2526 nr.
402 2500 503 2527 10721),
576 2508 602 2524 c·
623 2500 737 2531 sucepit
758 2507 779 2527 a.
853 2500 873 2524 fx
895 2500 970 2530 patri
993 2507 1015 2523 r.
1090 2501 1118 2529 g)
1138 2500 1156 2523 ᾗ
1178 2503 1259 2522 (nou)
1279 2504 1364 2528 super
1383 2504 1434 2521 nec
1454 2497 1593 2520 comittem.

255 2595 289 2639 1)
316 2595 428 2635 Infra
448 2605 486 2636 p.
505 2596 562 2634 31,
582 2595 604 2628 J.
626 2594 698 2635 III,
726 2604 751 2627 ο.
772 2596 802 2627 2.
829 2603 937 2626 comas*
956 2593 1252 2625 Mansuariorum
1272 2592 1394 2625 dictus.
1483 2592 1520 2632 2)
1546 2590 1598 2631 Cf.
1617 2589 1738 2631 Meyer

254 2652 318 2675 ron
353 2642 509 2674 Knonan
546 2642 566 2675 I.
594 2652 619 2674 c.
652 2652 688 2683 p.
717 2642 801 2678 112,
836 2651 870 2674 η.
897 2641 976 2674 317.
1095 2641 1131 2681 3)
1172 2639 1227 2679 Cf.
1264 2638 1387 2671 ibidem
1416 2649 1451 2681 p.
1480 2639 1564 2678 102,
1599 2648 1630 2670 n.
1660 2638 1736 2671 172.

253 2689 290 2732 4)
327 2689 494 2722 Comites.-
529 2689 569 2720 cle
602 2688 826 2728 Adelhardo,
862 2689 962 2720 cuius
996 2690 1120 2719 auctor
1155 2688 1257 2727 infra
1291 2685 1516 2727 compluries,
1546 2684 1739 2727 praecipue

254 2737 277 2770 l.
303 2736 370 2777 IV,
398 2746 423 2770 c.
449 2737 479 2769 6.
508 2737 713 2774 meminerit,
740 2735 786 2774 cf.
813 2734 934 2775 Meyer
959 2744 1023 2767 von
1049 2734 1205 2767 Knonau
1232 2733 1254 2767 ἶ.
1283 2742 1308 2765 c.
1341 2744 1378 2775 p.
1403 2733 1450 2766 44
1466 2743 1514 2774 sq.
1541 2734 1570 2763 et
1596 2730 1736 2763 St'mson

256 2783 278 2817 l.
304 2793 330 2817 c.
359 2783 409 2822 II,
439 2793 473 2824 p.
501 2783 708 2823 241—2433
744 2782 864 2823 Meyer
891 2791 953 2813 ron
981 2781 1139 2813 Knonau
1171 2781 1192 2816 l,
1220 2790 1245 2814 c.
1279 2791 1313 2823 p.
1343 2781 1420 2819 141,
1455 2789 1490 2813 n.
1517 2779 1562 2813 :30
1589 2777 1737 2816 dubitat,

257 2841 339 2862 num
376 2830 586 2862 Gerlmrdus
624 2830 777 2861 maritus
814 2829 950 2861 sororis
985 2828 1132 2871 I'e'ppz'm'
1166 2828 1312 2859 secundi
1344 2827 1606 2868 Aqustanorum
1647 2825 1740 2865 reyz‘s

256 2877 453 2958 snm-343&
473 2877 639 2918 Heqilonc
666 2887 692 2909 r,
712 2875 833 2917 Jleysr
857 2886 916 2907 ron
938 2875 1093 2907 Knonau
1121 2875 1143 2909 l.
1161 2885 1187 2909 c.
1211 2885 1246 2916 p.
1272 2876 1327 2908 20.
1355 2877 1383 2906 et
1408 2872 1641 2906 ΔἲῙῐίΙιΙὸασῖιεν
1666 2872 1688 2905 Ῐ.
1711 2881 1737 2905 c.

257 2934 315 2959 nr.
363 2933 442 2958 «3-0.
