2125 3234
410 287 455 321 36
693 281 950 318 ΝΙΤΗΑΒΒΙ
973 279 1336 317 HISTORIARUM
1359 280 1515 316 LIBER
1539 280 1613 318 ΠΙ.

317 404 396 439 482·
411 405 539 446 fectu
570 404 723 445 simus.
786 403 835 443 Si
866 404 1033 451 autem,
1067 401 1188 454 quod
1220 401 1352 450 absit,
1392 404 1738 451 sacramentum,
1772 402 1895 455 quod

260 451 343 476 Γὼγ·
356 451 398 476 ¹4'
410 463 546 504 fratri
581 476 681 504 meo
712 462 932 508 iuravero,
965 459 1136 501 violare
1167 472 1523 513 praesumpsero,
1567 473 1594 500 a
1633 460 1895 502 subditione

412 535 512 563 mea
542 534 626 562 nec
653 534 747 561 non
779 521 825 560 et
857 532 883 559 a
914 518 1185 566 iuramento,
1216 517 1337 570 quod
1364 517 1477 557 mihi
1507 517 1704 567 iurastis,
1738 532 1895 559 unum-

411 592 633 634 quemque
655 580 857 619 vestrum
887 575 1099 617 absolvo'.
1153 574 1358 628 Cumque
1380 574 1579 616 Karolus
1601 575 1714 617 haec
1737 577 1895 618 eadem

410 638 548 680 verba
578 637 784 677 Romana
823 634 984 688 lingua
1024 635 1291 688 perorasset,
1335 633 1638 683 Lodhmieus,
1681 635 1895 687 quoniam
1921 649 1938 673 5

411 696 554 737 maior
575 696 688 735 natu
712 695 822 742 erat,
851 693 975 746 prior
996 692 1109 734 haec
1133 691 1297 733 deinde
1320 705 1367 732 se
1393 694 1678 733 servaturum
1699 695 1897 734 testatus

411 753 532 794 est:1
574 752 674 792 ‘Pro
707 752 805 792 Deo
847 764 976 791 amur
1008 753 1055 792 et
1089 763 1171 804 pro
1205 749 1438 791 Christian
1477 750 1613 804 poblo
1655 753 1701 792 et
1742 753 1897 792 nostro

411 825 623 852 commun
663 809 933 857 saluament,
977 808 1083 849 d'ist
1120 808 1166 849 di
1206 808 1283 848 ina
1329 810 1482 858 auant,
1515 809 1565 849 in
1597 812 1739 862 quant
1772 809 1897 851 Deus

410 870 533 911 sauir
565 871 612 910 et
644 868 774 922 podir
806 881 877 908 me
901 867 1059 916 dunat,
1094 867 1132 908 si
1153 866 1350 907 saluarai
1373 862 1453 907 eob
1482 867 1567 908 cist
1590 881 1719 909 meon
1742 868 1897 909 fradre

411 927 554 969 Karlo
587 929 633 968 et
664 927 714 967 in
746 926 942 966 aiudhac
982 927 1028 966 et
1059 925 1109 965 in
1142 925 1355 966 cadhuna
1387 938 1503 975 cosa,
1537 926 1575 966 si
1598 940 1700 967 cum
1722 940 1796 967 om
1818 940 1899 981 per
1925 941 1958 965 10

411 986 530 1027 dreit
562 999 643 1026 son
675 985 832 1025 fradra
864 983 1013 1025 salvar
1045 980 1182 1032 distd,
1224 984 1273 1023 in
1304 986 1378 1033 oe,
1418 984 1527 1036 quid
1567 984 1602 1024 il
1643 984 1706 1024 mi
1742 985 1899 1026 altresi

409 1045 552 1094 fazet;
593 1046 639 1085 et
677 1043 733 1083 ab
775 1043 962 1083 Ludher
1003 1042 1084 1082 nul
1122 1041 1249 1095 plaid
1289 1055 1538 1095 numquam
1570 1042 1787 1096 prindrai,
1820 1043 1899 1096 qui

410 1116 543 1144 meon
574 1102 652 1142 uol
686 1101 791 1142 *cist
824 1114 955 1142 meon
988 1100 1142 1141 fradre
1175 1099 1316 1141 Karle
1345 1100 1394 1140 in
1416 1100 1581 1141 damno
1614 1101 1701 1141 sit'.
1765 1100 1898 1152 Quod
1924 1106 1968 1137 ⁸1²-
1990 1106 2052 1132 666·

411 1175 513 1202 cum
546 1159 839 1201 Lodhuvieus
873 1158 1110 1213 explesset,
1153 1158 1350 1199 Karolus
1389 1159 1613 1200 Teudisca
1645 1159 1802 1213 lingua
1834 1160 1897 1201 sic

410 1214 551 1260 haecf
597 1218 754 1259 eadem
797 1218 935 1259 verba
975 1219 1174 1258 testatus
1211 1220 1301 1258 est:
1343 1217 1414 1257 ‘In
1447 1216 1598 1259 Godes
1631 1218 1787 1259 minna
1817 1219 1898 1260 ind
1926 1233 1958 1258 15

409 1277 458 1317 in
501 1278 604 1318 thes
649 1276 944 1317 Christanesg
990 1275 1168 1317 folches
1211 1275 1292 1316 ind
1335 1289 1472 1317 unser
1515 1276 1716 1318 bedhero
1758 1277 1898 1330 gealt-

410 1331 566 1385 nissib,
610 1335 692 1376 fon
732 1336 938 1376 thesemo
981 1334 1096 1388 dage
1137 1334 1450 1384 frammordes,
1496 1348 1544 1376 so
1581 1335 1699 1375 fram
1732 1349 1780 1376 so
1812 1336 1899 1376 mir

411 1393 503 1435 Got
520 1394 727 1447 geuuizci
743 1393 842 1433 indi
864 1388 1025 1434 mahdi
1053 1393 1249 1446 furgibit
1264 1393 1290 1442 ‘-’‚
1315 1406 1364 1434 so
1382 1393 1543 1434 haldih
1561 1390 1721 1435 tesank
1742 1394 1899 1435 minan

409 1453 653 1502 bruodher,
692 1465 791 1493 soso
829 1464 935 1492 man
967 1451 1051 1491 mit
1082 1452 1220 1492 rehtu
1251 1451 1383 1492 sinan
1415 1448 1668 1493 bruodherl
1710 1452 1817 1501 scal,
1851 1453 1898 1493 in

410 1511 515 1551 thiu
547 1511 654 1550 thaz
686 1524 734 1551 er
766 1510 860 1563 mig
892 1513 1101 1550 sosomam
1134 1510 1245 1559 duo;
1288 1509 1387 1550 indi
1425 1511 1508 1550 mit
1540 1510 1814 1552 Ludheren1¹
1850 1511 1897 1551 in
1924 1526 1959 1550 20

410 1569 666 1610 nohheiniu
697 1568 860 1622 thing⁰
899 1581 955 1609 ne
988 1581 1208 1621 gegango,
1252 1569 1361 1609 zhep
1408 1569 1565 1609 minan
1595 1569 1775 1610 uuillon
1806 1570 1898 1610 imo

411 1641 460 1669 ce
493 1628 695 1669 scadhen
726 1626 995 1668 uuerhen‘l’.
1049 1626 1395 1668 Sacramentum
1424 1630 1591 1677 autem,
1626 1628 1747 1681 quod
1778 1631 1896 1670 utro-

410 1699 600 1739 rumque
623 1685 832 1740 populus,
867 1686 1032 1738 quique
1063 1686 1246 1739 propria
1277 1685 1448 1739 lingua,
1481 1688 1679 1727 testatus
1701 1689 1782 1736 est,
1814 1687 1898 1728 Ro-

411 1758 546 1785 mana
592 1744 751 1798 lingua
796 1744 859 1785 sic
904 1757 950 1785 se
995 1743 1157 1785 habet:
1208 1744 1266 1784 ‘si
1310 1744 1578 1798 Lodhuuigs
1623 1748 1895 1799 sagrament,

411 1806 553 1856 quaer
592 1816 672 1844 son
705 1802 858 1843 fradre
881 1802 1025 1843 Karlo
1057 1803 1191 1852 iurat,
1227 1805 1477 1851 conservat,
1513 1806 1558 1844 et
1583 1803 1751 1845 Karlus
1774 1817 1897 1845 meos
1923 1818 1958 1843 25

410 1861 574 1902 sendra
597 1861 652 1902 de
675 1863 781 1901 suos
812 1863 914 1915 part
937 1874 1030 1901 non
1051 1859 1288 1910 lostanit‘,
1323 1862 1359 1902 si
1381 1861 1425 1902 io
1446 1864 1659 1903 returnar
1681 1876 1771 1903 non
1793 1862 1896 1903 l'int

409 1920 520 1974 pois,
563 1933 621 1960 ne
660 1919 703 1960 io
744 1933 800 1960 ne
832 1919 977 1968 neuls,
1013 1919 1086 1959 cui
1118 1933 1170 1960 eo
1201 1921 1414 1960 returnar
1443 1920 1514 1960 int
1545 1921 1656 1974 pois,
1689 1921 1737 1961 in
1769 1921 1897 1962 nulla

409 1979 608 2019 aiudhau
631 1979 790 2019 contra
811 1977 1090 2031 Lodhuuuig
1113 1991 1209 2018 nun
1230 1977 1264 2018 li
1286 1977 1446 2019 iuerv‘.
1493 1978 1716 2020 Teudisca
1742 1981 1897 2022 autem

408 2106 436 2134 a)
457 2112 495 2130 en
510 2107 577 2135 post
595 2111 670 2129 corr.
693 2104 732 2129 in.
818 2103 848 2134 b)
867 2104 990 2133 fortasse
1009 2104 1202 2129 sisaluaraieo
1222 2111 1296 2129 corr.
1317 2104 1502 2136 sisaluarieo,
1524 2111 1541 2129 a
1561 2108 1708 2136 expuncto,
1798 2106 1824 2137 e)
1846 2104 1897 2130 ad-

353 2162 357 2164 .
408 2140 498 2164 iudha
519 2146 595 2166 corr.
614 2137 734 2170 aiudha,
755 2137 774 2165 d
787 2142 936 2170 exprttwto.
1011 2137 1041 2171 d)
1062 2137 1131 2171 dist,
1153 2146 1208 2163 non
1222 2139 1286 2170 dist,
1302 2140 1391 2170 plane
1404 2140 1507 2170 legitur
1527 2141 1554 2163 in
1569 2147 1603 2171 e.,
1625 2148 1648 2166 r,
1662 2140 1822 2165 Roschwnz
1841 2141 1859 2167 l.
1872 2149 1895 2165 c.
1923 2143 1957 2168 30

402 2183 437 2206 p.
459 2176 484 2200 2.
568 2175 595 2207 e)
622 2175 658 2199 In
683 2181 699 2199 ο
725 2174 817 2205 spatio
844 2175 983 2205 ampliore
1007 2175 1106 2199 relicto
1127 2175 1222 2198 eadem
1248 2181 1335 2198 manu
1354 2175 1500 2205 posterius
1519 2182 1576 2200 esse
1600 2176 1730 2206 suppleta
1757 2176 1894 2202 videntur,

409 2211 430 2240 l)
457 2217 491 2243 9⁰
510 2217 584 2236 corr,
603 2210 669 2236 hec.
756 2209 784 2240 g)
809 2208 924 2240 xpanes
948 2217 972 2233 c.
1064 2209 1096 2239 h)
1121 2210 1260 2239 gealnissi
1285 2217 1359 2234 corr.
1387 2210 1554 2240 gealtnissi:
1582 2211 1684 2235 rectius
1709 2211 1895 2243 gehaltnisffii.

409 2245 430 2271 ἢ
455 2243 545 2269 madh
572 2252 594 2271 c.
628 2235 639 2248 ⁹
704 2243 736 2275 k)
759 2245 802 2268 sic
828 2251 871 2272 c.;
899 2245 1004 2268 rectius
1030 2244 1145 2270 thosan.
1256 2244 1277 2272 l)
1302 2245 1413 2270 bruher
1439 2253 1462 2270 c.
1564 2248 1602 2276 m)
1629 2246 1733 2270 rectius
1752 2254 1783 2271 so
1803 2253 1894 2272 sama.

409 2279 440 2310 n)
460 2280 584 2304 luheren
602 2287 625 2304 c.
719 2281 747 2308 ο)
772 2279 882 2304 nohein
902 2279 1042 2312 iu211hing
1066 2287 1141 2307 corr.
1162 2279 1292 2305 nohhein
1312 2280 1461 2312 iutlsshing.
1548 2282 1581 2311 p)
1607 2282 1650 2305 sic
1671 2288 1714 2309 c.‚·
1740 2284 1810 2306 recte
1835 2282 1894 2307 the.

408 2315 437 2346 q)
458 2315 593 2340 uuerhen
610 2322 655 2342 c.;
674 2317 745 2339 recte
764 2315 916 2339 werdhen.
992 2316 1017 2343 r)
1036 2322 1093 2350 que
1115 2323 1138 2339 c.
1212 2317 1238 2345 s)
1256 2316 1296 2339 sic
1315 2323 1357 2345 c.,·
1377 2317 1478 2340 rectius
1492 2322 1544 2340 sua
1557 2319 1606 2340 auc
1619 2323 1681 2342 sue.
1757 2317 1778 2347 t)
1800 2317 1895 2347 rerba,
1922 2318 1956 2344 35

407 2357 478 2381 quae
497 2350 600 2374 litteris
619 2350 739 2374 lostanit
758 2350 944 2379 continentur,
971 2357 1057 2381 quam
1082 2351 1160 2374 varie
1179 2350 1236 2374 viri
1254 2351 1368 2381 linquae
1387 2351 1540 2375 francicae
1559 2352 1650 2382 periri
1668 2352 1852 2375 distinxerint
1872 2355 1896 2376 e!

409 2386 593 2416 interpretari
612 2387 661 2408 aut
679 2385 827 2409 emendare
846 2386 1052 2415 temptat-erint,
1074 2385 1234 2410 Koschm'tz
1254 2386 1273 2412 l.
1293 2393 1316 2412 c.
1330 2393 1364 2416 p.
1384 2386 1408 2411 3.
1431 2387 1587 2413 adnotavit.
1661 2388 1690 2411 n]
1712 2387 1800 2411 aiuha
1819 2394 1895 2412 corr.

408 2419 528 2446 aiudha.
604 2419 635 2451 v)
653 2420 690 2450 cf.
713 2420 874 2444 Kosehwitz
893 2421 912 2444 Ι.
934 2427 956 2446 c.
973 2428 1006 2451 p.
1028 2420 1054 2445 3.

409 2525 443 2569 1)
471 2525 690 2566 Iuramenta,
716 2536 804 2569 quae
828 2529 1035 2569 sequuntur,
1057 2527 1232 2569 postremi
1255 2526 1438 2559 ediderunt
1456 2527 1671 2569 fllt'illenhoff
1690 2531 1721 2561 et
1739 2527 1895 2568 Scherer,

407 2573 640 2606 ‘Denkmc‘iler
664 2572 847 2605 deutscher
872 2573 989 2606 Poesie
1014 2574 1089 2605 und
1113 2571 1252 2613 Prosa',
1277 2574 1330 2606 ed.
1356 2575 1388 2609 3.
1415 2573 1537 2617 (1892)
1566 2574 1598 2615 I,
1620 2585 1658 2617 p.
1695 2576 1761 2609 231
1789 2585 1838 2617 sq.
1865 2578 1894 2606 et
1920 2583 1956 2607 ⁴0

407 2619 475 2654 Ed.
502 2619 717 2660 Kosefflcitz,
752 2619 831 2653 ‘Les
859 2620 947 2663 plus
981 2621 1123 2653 ane-iens
1158 2623 1375 2654 monuments
1407 2621 1447 2653 de
1479 2621 1516 2652 Ia
1545 2621 1674 2663 lanque
1705 2621 1894 2662 fransaise'

405 2667 459 2701 ed.
485 2667 517 2701 5.
545 2666 667 2710 (1897)
685 2677 725 2709 p.
750 2668 772 2701 2
797 2677 860 2710 sq„
896 2676 1045 2710 quorum
1071 2668 1349 2700 emendationum
1375 2671 1404 2700 et
1429 2668 1695 2701 adnotationum
1721 2670 1895 2701 rationem

407 2713 531 2754 habui,
558 2715 703 2756 itemque
728 2713 888 2754 illarum,
914 2724 1002 2757 quas
1024 2714 1150 2747 Iacobo
1174 2713 1314 2747 Grimm
1342 2713 1384 2749 G.
1403 2714 1450 2750 H.
1469 2714 1574 2747 Pet-t:
1599 2715 1765 2748 debuerat
1789 2726 1895 2758 quas-

407 2770 471 2802 que
497 2760 623 2803 aliqua
648 2770 692 2793 ez·
713 2765 819 2803 parte
844 2761 1015 2794 obsoletas
1040 2761 1122 2793 huic
1146 2762 1294 2794 editioni
1313 2763 1471 2803 intem-as
1489 2763 1642 2794 inserere
1667 2764 1791 2801 mnisi,·
1816 2766 1894 2796 cde-

409 2817 490 2838 rum
515 2807 555 2839 de
582 2808 792 2840 iuramentis
818 2809 861 2849 cf.
888 2818 976 2850 quae
1001 2809 1039 2840 in
1059 2810 1288 2850 praefatione
1313 2812 1433 2841 notata
1458 2813 1550 2842 sunt.
1658 2809 1693 2851 2)
1722 2809 1774 2849 (Υ.
1803 2809 1893 2842 Con-
1919 2823 1954 2848 «ὁ

406 2853 489 2893 sess.
516 2853 698 2893 Fulcims„
724 2855 773 2889 ed.
800 2854 1020 2896 Mallenhoff
1041 2859 1071 2888 et
1097 2853 1247 2889 Scherer
1271 2856 1292 2890 l.
1318 2865 1344 2889 c.
1371 2856 1401 2896 I,
1423 2867 1460 2898 p.
1487 2856 1568 2895 242,
1595 2856 1617 2890 I.
1643 2857 1708 2891 ⁴20:
1736 2865 1774 2889 so
1801 2855 1895 2889 fram

406 2910 447 2933 so
473 2899 543 2933 mir
569 2899 643 2934 Got
668 2900 867 2945 almahtigo
892 2901 1008 2935 mahti
1034 2901 1108 2935 enti
1133 2901 1272 2947 giwizzi
1298 2901 1456 2947 forgibit.
