2125 3234
363 271 407 306 18
651 266 909 302 NITHARDI
933 266 1296 302 HISTORIARUM
1320 265 1476 301 LIBER
1500 266 1552 303 ΙΙ.

267 396 349 432 840.
363 391 575 438 firmasse,
609 390 662 429 ut
694 390 856 430 neuter
893 387 1062 440 absque
1105 387 1294 428 alterius
1335 400 1558 428 consensu
1599 401 1701 428 cum
1741 401 1846 441 quo—

362 448 477 489 libet
508 447 824 501 quodcumque
856 447 1041 500 pactum
1073 445 1187 486 inire
1225 445 1433 495 deberet3
1475 459 1611 498 quam
1652 445 1708 487 ob
1749 459 1845 487 rem

361 507 559 548 testatus
591 508 660 547 est
692 506 750 546 ad
781 504 885 545 illos
922 516 968 544 se
1008 503 1074 544 ire
1116 502 1246 552 velle,
1290 505 1336 544 et
1376 503 1414 543 si
1455 504 1637 544 efficere
1677 507 1843 557 posset,

363 567 443 605 uta
480 578 572 604 una
603 577 755 605 secum
788 562 859 603 sui
891 561 1170 609 devenirent,
1213 560 1350 610 bene;
1394 561 1464 601 sin
1505 560 1651 610 aliter,
1695 561 1845 603 soluto

362 623 620 664 iuramento
666 621 787 662 infra
834 620 929 661 dies
977 619 1236 672 quindecim
1283 619 1341 659 ad
1387 618 1519 659 illum
1559 632 1845 661 reversurum
1871 636 1888 661 5

363 693 559 734 suaeque
601 679 765 720 ditioni
806 692 852 719 se
895 678 1238 718 commissurum
1277 690 1371 719 esse
1412 677 1634 732 promisit.
1697 677 1845 728 Quam

256 728 349 804 (3311)
363 739 419 781 ob
452 752 547 779 rem
571 737 770 778 Karolus
793 736 1021 777 Bituricas
1052 736 1220 777 iterum
1252 735 1431 777 obviam
1463 735 1533 776 illi
1554 736 1693 777 venit.
1745 735 1845 787 Quo

328 792 622 838 'Bernardus
682 795 868 837 veniens
931 808 1034 835 cum
1093 796 1309 835 neutrum
1370 795 1578 844 fecisset,
1647 795 1848 849 graviter

363 855 561 896 Karolus
592 854 745 895 ferens
777 853 1078 902 seductiones,
1109 866 1219 906 quas
1252 853 1372 906 patri
1393 853 1566 894 fecerat
1589 855 1635 894 et
1658 855 1846 895 actenus

361 913 432 954 illi
478 913 702 961 faciebat,
754 912 942 961 timens,
997 925 1053 953 ne
1102 911 1238 952 aliter
1283 911 1415 951 illum
1463 912 1845 965 comprehendere
1873 928 1906 952 ιο

363 974 536 1026 posset,
600 971 752 1012 subito
813 971 863 1010 in
914 970 1046 1010 illum
1104 970 1277 1011 irruere
1339 969 1517 1010 statuit.
1610 970 1699 1011 Sed
1760 971 1845 1011 hoc

363 1030 635 1080 Bernardus,
669 1042 929 1083 quanquam
959 1029 1104 1077 tarde,
1147 1028 1412 1081 praesensit,
1454 1028 1613 1082 fugam
1649 1028 1754 1068 iniit
1795 1042 1846 1069 ac

361 1089 435 1129 vix
483 1089 638 1130 evasit.
723 1087 921 1128 Karolus
969 1089 1123 1128 autem
1176 1087 1394 1139 quosdam
1448 1099 1472 1127 e
1524 1086 1616 1127 suis
1669 1087 1844 1136 stravit,

361 1147 581 1201 quosdam
652 1146 827 1187 saucios
898 1159 949 1186 ac
1016 1144 1254 1186 semivivos
1322 1140 1554 1198 reliquitb,
1627 1145 1846 1198 quosdam

361 1220 466 1247 vero
533 1205 700 1246 inlesos
768 1204 890 1258 cepit
961 1217 1012 1245 ac
1084 1217 1208 1245 more
1276 1203 1559 1257 captivorum
1627 1204 1848 1245 custodiri
1874 1219 1907 1245 15

360 1265 616 1318 praecepit,
688 1262 1053 1317 suppellectilem
1116 1264 1270 1304 autem
1331 1262 1589 1304 universam
1651 1263 1847 1317 diripere

361 1323 580 1377 permisit.
667 1322 790 1363 Hinc
843 1335 1021 1375 quoque
1074 1321 1335 1362 Bernardus
1388 1321 1604 1362 humilior
1656 1321 1846 1362 effectus

361 1381 498 1435 paulo
561 1383 663 1434 post
725 1380 917 1434 supplex
978 1380 1036 1421 ad
1088 1379 1312 1421 Karolum
1373 1380 1520 1429 venit,
1584 1380 1739 1421 dicens
1801 1382 1847 1421 et

361 1440 543 1481 fidelem
576 1453 621 1481 se
653 1439 723 1480 illi
754 1439 896 1480 fuisse
929 1440 975 1479 et
1005 1440 1131 1487 tunc,
1170 1439 1207 1479 si
1238 1438 1410 1487 liceret,
1453 1451 1548 1479 esse
1581 1438 1846 1486 voluisset0,

361 1501 407 1539 et
449 1498 675 1551 deinceps,
709 1511 968 1551 quanquam
1010 1493 1124 1538 hacd
1162 1496 1440 1538 contumelia
1480 1496 1673 1537 affectus
1715 1499 1845 1545 esset,
1873 1513 1908 1537 20

360 1557 407 1596 in
448 1557 659 1597 futurum
700 1556 798 1597 fore
838 1555 1025 1596 minime
1067 1555 1321 1605 diffiderem
1364 1555 1485 1608 quod
1527 1555 1613 1596 etsi
1653 1554 1847 1608 quilibet

361 1615 497 1656 aliter
543 1615 694 1656 dicere
735 1614 895 1662 vellet,
945 1614 1080 1654 armis
1128 1627 1174 1655 se
1223 1614 1334 1654 hoce
1382 1613 1704 1667 propulsurum
1751 1627 1846 1668 pro-

361 1674 520 1714 mittit.
620 1673 795 1724 Quibus
858 1673 1057 1713 Karolus
1120 1672 1331 1713 credulus
1394 1672 1585 1713 effectus
1649 1672 1846 1713 ditatum

361 1732 625 1774 muneribus
658 1734 704 1773 et
736 1732 885 1785 gratia
915 1732 962 1771 in
994 1731 1260 1772 societatem
1293 1730 1521 1772 amicitiae
1554 1731 1754 1785 suscepit
1787 1734 1846 1781 et,

361 1793 414 1831 ut
445 1791 691 1845 Pippinum
725 1804 776 1831 ac
810 1803 926 1839 suos,
959 1790 1029 1830 uti
1061 1790 1343 1844 promiserat,
1387 1789 1594 1830 subditos
1627 1790 1714 1830 sibi
1755 1790 1848 1831 effi·
1874 1805 1908 1830 25

361 1845 490 1891 ceref
525 1851 787 1903 temptaret,
831 1849 1008 1889 direxit.
1081 1848 1140 1888 Et
1181 1848 1252 1889 his
1292 1848 1359 1888 ita
1399 1848 1661 1901 compositis
1692 1844 1848 1889 *Ceno-
1875 1865 1997 1896 *suffia

361 1909 617 1949 mannicam
648 1908 809 1949 urbem
841 1907 956 1948 adiit
978 1906 1309 1948 Lantbertuml
1331 1906 1604 1960 Ericumque
1630 1920 1723 1947 una
1745 1920 1848 1947 cum

361 1967 524 2008 ceteris
555 1969 835 2020 recepturus.
901 1965 1104 2018 Cumque
1143 1965 1222 2006 ille
1264 1965 1367 2006 illos
1411 1965 1527 2006 inibi
1568 1966 1847 2019 perhumane

360 2025 596 2079 reciperet,
630 2025 838 2078 protinus
871 2024 928 2065 ad
958 2024 1262 2065 Nomenoium
1295 2024 1456 2065 ducem
1480 2023 1848 2065 Brittanniorum

360 2084 506 2124 mittit
538 2084 651 2125 scire
684 2083 883 2137 cupiens,
918 2083 955 2123 si
993 2096 1100 2124 suae
1142 2096 1187 2124 se
1230 2082 1395 2123 ditioni
1436 2082 1658 2124 subdereg
1692 2082 1846 2124 vellet.
1873 2099 1907 2124 30

353 2142 450 2193 Qui
497 2143 794 2196 adquiescens
842 2141 1043 2183 consiliis
1090 2141 1390 2195 plurimorum
1438 2141 1610 2182 Karolo
1660 2155 1848 2182 munera

361 2201 506 2241 mittit
539 2215 590 2242 ac
623 2203 906 2242 sacramento
940 2201 1076 2242 fidem
1109 2200 1322 2254 deinceps
1360 2200 1627 2241 servandam
1668 2200 1738 2240 illi
1779 2201 1847 2240 fir-

360 2260 514 2301 mavit.
580 2259 755 2310 Quibus
788 2259 997 2314 peractis,
1032 2259 1246 2312 quoniam
1286 2261 1469 2312 tempus
1510 2258 1681 2312 placiti,
1725 2259 1846 2312 quod

360 2319 647 2360 Attiniacum
681 2318 992 2367 condixerant,
1027 2318 1392 2372 appropinquare
1414 2312 1702 2366 videbaturh,
1736 2317 1846 2370 quid

361 2377 568 2418 consulte
622 2391 673 2418 ac
721 2377 867 2418 solida
915 2377 1004 2418 fide
1051 2377 1137 2418 sibi
1185 2377 1366 2430 suisque
1419 2389 1552 2430 agere
1600 2378 1844 2429 oporteret,
1873 2391 1906 2416 35

363 2436 559 2477 Karolus
592 2436 752 2476 anxius
784 2437 896 2477 erat.
962 2435 1079 2489 Ergo
1122 2430 1388 2489 participesi
1429 2436 1705 2476 secretorum
1748 2448 1846 2476 con-

360 2497 505 2544 vocat,
548 2509 642 2536 rem
676 2494 886 2536 omnibus
918 2496 1074 2535 notam
1107 2493 1299 2548 replicat
1340 2507 1404 2543 ac,
1448 2494 1844 2547 quemammodum

360 2567 387 2594 a
417 2556 551 2594 tanta
583 2553 845 2594 calamitate
879 2552 1205 2606 congruentius
1238 2566 1283 2593 se
1316 2566 1509 2606 suosque
1547 2548 1679 2593 exuik
1716 2565 1845 2606 posse

360 2612 687 2662 existimarent,
722 2614 774 2652 ut
806 2612 1073 2666 aperiretur,
1109 2611 1335 2665 deposcit3
1378 2625 1514 2665 seque
1546 2611 1593 2651 in
1636 2610 1845 2651 omnibus

360 2752 388 2780 a)
409 2754 437 2774 ct
459 2757 481 2774 c.
567 2750 596 2781 b)
618 2748 744 2781 reliquid
766 2757 788 2776 c.
873 2751 899 2779 c>
919 2750 959 2772 sir·
976 2757 1030 2779 pro
1051 2750 1180 2774 voluisse
1200 2757 1221 2776 c.
1307 2749 1335 2779 d)
1363 2756 1394 2773 nc
1415 2756 1437 2774 c.
1524 2749 1551 2774 e)
1578 2748 1614 2771 ob
1634 2755 1656 2774 c,
1742 2748 1761 2776 l>
1783 2747 1845 2771 orfi-
1870 2749 1906 2774 40

360 2790 441 2810 cei-ct
454 2793 477 2810 r.
547 2785 574 2815 π)
593 2785 731 2810 subderet
748 2793 770 2810 c.
840 2785 869 2810 hi
891 2785 1077 2817 uidebantur,
1094 2793 1111 2810 n
1126 2787 1273 2815 arpuncto,
1288 2792 1309 2810 r.
1381 2785 1399 2808 ix
1422 2783 1557 2815 pai-cipes
1573 2791 1594 2808 c.
1665 2782 1694 2806 k‘»
1710 2790 1746 2807 ox
1760 2783 1804 2807 sui
1821 2790 1844 2808 c.

363 2891 395 2930 1)
424 2890 459 2923 Ε
485 2892 622 2933 reslt'one
650 2892 896 2930 Nammorensi,·
923 2891 969 2932 cf.
999 2891 1116 2933 Messe)-
1143 2901 1205 2923 ron
1232 2891 1386 2923 Jsnonan
1410 2891 1432 2924 l.
1456 2901 1481 2924 c.
1505 2900 1542 2931 l).
1560 2891 1616 2923 21.
1636 2890 1691 2924 97.
1711 2900 1744 2923 n.
1767 2888 1844 2924 100.
