2125 3234
355 265 435 300 XII
939 266 1244 304 PRAEFATIO.

357 398 396 425 a.
435 387 560 425 1650.
601 386 653 427 ab
685 385 932 427 Alexandro
962 385 1054 437 filio
1089 386 1180 428 eius
1223 386 1447 429 Christina
1479 386 1654 429 Sueciae
1691 385 1842 440 reyina

358 441 456 483 emit
495 456 570 484 nec
599 444 726 484 multo
760 447 855 495 post
893 443 1005 485 inter
1035 444 1142 485 alios
1173 444 1302 486 libros
1330 459 1462 486 manu
1492 444 1670 498 scriptos
1700 459 1842 498 papae

359 501 466 542 dono
497 501 620 542 dedit.
682 500 969 543 Bibliothecae
999 501 1225 554 palatinae
1255 502 1486 544 Vaticanae
1516 504 1590 544 sub
1621 517 1687 544 nr.
1715 507 1840 544 1964.

357 558 520 600 inlatus
541 559 646 600 liber
671 559 770 600 bello
792 572 831 599 a.
857 563 982 600 1797.
1006 563 1118 612 yesto
1139 559 1336 601 Parisios
1356 559 1484 602 rediit
1503 573 1633 612 neque
1656 574 1842 613 unquam

358 616 676 670 mayistratibus
702 616 910 658 Romanis
940 617 1140 670 redditus,
1172 619 1246 660 sed
1274 632 1312 659 a.
1341 622 1466 660 1815.
1490 617 1843 671 pretiosissimum
1873 635 1891 660 5

359 674 434 716 hoc
454 674 673 716 Franciae
703 674 904 716 historiae
934 680 1244 717 monumentum
1264 676 1456 718 Parisiis
1485 680 1740 718 reservatum
1771 680 1841 718 est.

367 733 486 785 Quod
514 732 616 784 quia
648 732 913 774 bibliothecae
944 734 1179 776 custodibus
1210 735 1358 786 palam
1398 734 1530 785 fateri
1561 734 1844 787 periculosum

361 790 590 840 videbatur,
637 803 718 842 per
766 791 915 832 multos
966 805 1103 833 annos
1153 805 1278 845 quam
1329 792 1646 846 diliyentissime
1697 793 1845 835 occule-

361 850 496 889 batur.
558 848 707 890 Etiam
745 848 797 890 G.
830 849 892 890 H.
924 849 1068 901 Perte,
1117 850 1190 902 qui
1235 850 1336 892 haec
1381 850 1443 892 ita
1482 865 1524 892 se
1564 851 1714 893 habere
1759 850 1846 892 iam

359 906 664 959 suspicabatur,
707 921 746 948 a.
784 911 911 949 1828.
943 908 1135 960 primam
1166 908 1387 950 editionem
1417 923 1538 950 suam
1561 923 1731 961 parans
1761 923 1846 950 non
1871 927 1907 952 10

360 965 498 1017 ipsum
529 965 719 1017 codicem,
762 967 835 1006 sed
868 970 1028 1007 tantum
1057 966 1225 1008 variam
1258 967 1470 1009 lectionem
1501 967 1591 1009 eius
1622 967 1847 1009 accuratis-

362 1023 465 1064 sime
505 1023 755 1075 eoescriptam
801 1029 949 1066 nactus
989 1029 1072 1076 est,·
1118 1029 1163 1066 at
1202 1025 1287 1067 alio
1329 1025 1526 1067 decennio
1569 1025 1711 1079 elapso
1756 1039 1848 1067 cum

361 1081 511 1122 iterum
533 1081 731 1123 Parisios
757 1082 905 1134 adiret,
939 1082 1091 1124 librum
1122 1083 1263 1136 ipsum
1290 1083 1486 1125 manibus
1511 1087 1693 1125 tractare
1717 1082 1846 1135 licuit,

362 1139 434 1192 qui
475 1141 636 1181 demum
677 1154 716 1180 a.
754 1144 880 1181 1863.
922 1140 1036 1182 brevi
1077 1141 1243 1194 quidem
1288 1141 1440 1183 notitia
1480 1146 1818 1183 commemoratus
1835 1142 1849 1166 ¹

364 1198 512 1239 iterum
542 1198 591 1238 in
612 1198 785 1251 publico
817 1199 1029 1251 apparuit.
1875 1218 1909 1243 15

503 1256 806 1309 Apoyraphum
827 1271 934 1299 saec.
955 1258 1003 1299 X
1013 1258 1060 1298 V.
1082 1257 1165 1299 inc.
1190 1262 1411 1300 exaratum
1424 1259 1450 1311 2,
1474 1257 1681 1312 oriyinem
1697 1258 1851 1300 ducens

365 1328 385 1356 e
410 1314 669 1356 monasterio·
687 1315 731 1356 S.
760 1315 941 1357 Victoris
962 1315 1168 1358 Parisino
1182 1317 1209 1369 3,
1243 1331 1355 1358 nunc
1380 1321 1514 1358 exstat
1538 1317 1586 1358 in
1607 1316 1851 1358 bibliotheca

357 1373 531 1425 publica
557 1373 781 1425 Parisina,
817 1373 977 1416 ‘'Fonds
1008 1374 1128 1416 latin'
1161 1389 1229 1416 nr.
1256 1379 1307 1416 14
1321 1379 1404 1417 663
1428 1374 1575 1426 (antea
1599 1375 1642 1417 S.
1671 1374 1852 1416 Victoris

363 1445 432 1473 nr.
471 1433 592 1485 287).
672 1432 752 1484 Qui
793 1432 897 1473 liber
936 1433 1087 1486 chart,
1130 1433 1227 1484 folii
1265 1433 1462 1485 minoris,
1512 1437 1596 1474 305
1638 1432 1848 1484 foliorum,

355 1493 457 1544 post
484 1491 616 1531 multa
647 1490 738 1531 alia
769 1492 923 1543 opera4
950 1491 1158 1533 Nithardi
1183 1491 1408 1533 Historias
1437 1496 1476 1532 et
1499 1492 1546 1532 F
1545 1490 1738 1533 lodoardi
1763 1491 1851 1532 An·
1877 1511 1912 1535 20

366 1548 484 1589 nales
516 1548 708 1590 continet.
773 1549 963 1591 Nomina
995 1553 1233 1591 sanctorum
1266 1549 1397 1592 codici
1428 1549 1552 1591 alteri
1583 1549 1631 1591 in
1661 1549 1854 1602 maryine

357 1610 503 1658 postea-
535 1606 682 1647 addita
708 1611 745 1648 et
774 1608 901 1649 verba
930 1607 1264 1650 iuramentorum
1288 1608 1554 1661 Aryentinae
1585 1623 1624 1649 a.
1653 1611 1752 1648 842.
1782 1609 1852 1649 da-

366 1669 500 1706 torum
531 1665 605 1715 fol.
630 1669 727 1705 286.
756 1665 932 1707 dimidio
963 1671 1137 1708 vacante
1168 1667 1323 1708 omissa
1348 1671 1457 1708 sunt.
1516 1666 1646 1708 Cuius
1673 1665 1773 1707 libri
1803 1679 1853 1707 ex

366 1723 440 1764 illo
473 1723 672 1775 descripti
703 1723 891 1765 lectionis
921 1724 1070 1766 variae
1100 1724 1188 1766 nisi
1222 1724 1376 1778 paucis
1407 1725 1519 1777 locis,
1559 1724 1707 1778 quibus
1738 1724 1854 1766 illius

368 1783 492 1823 verba
525 1781 606 1834 lcyi
637 1781 723 1822 iam
756 1796 840 1824 non
863 1787 1054 1835 possunt,
1088 1783 1198 1824 ratio
1230 1784 1422 1825 habenda
1453 1797 1537 1824 non
1569 1787 1672 1825 erat.
1879 1801 1913 1826 25

516 1839 618 1882 Cum
642 1840 811 1892 primus
832 1841 883 1882 P.
907 1841 1106 1883 Pithoeus
1137 1841 1315 1883 codicem
1344 1842 1386 1883 S.
1410 1841 1617 1883 BIedardi
1649 1841 1758 1895 typis
1789 1855 1853 1882 ex-

367 1899 598 1940 cudendum
621 1903 804 1940 curasset
818 1900 844 1951 5,
868 1914 906 1941 a.
931 1904 1055 1941 1636.
1079 1900 1280 1942 Andreas
1301 1902 1356 1942 du
1380 1900 1539 1942 Chesne
1561 1914 1632 1952 ope
1657 1900 1851 1952 eiusdem,

366 1958 439 1998 sed
459 1961 495 1998 et
522 1957 770 1998 coniecturis
795 1957 913 1999 haud
932 1971 1033 1999 raro
1058 1958 1182 1999 vanis
1212 1958 1396 2011 receptis,
1430 1958 1652 2000 editionem
1678 1959 1855 2000 alteram

367 2015 552 2056 instituit
563 2016 590 2067 ⁶,
623 2029 729 2067 quae
760 2016 812 2056 ab
844 2017 1041 2058 Iohanne
1073 2017 1253 2058 Schilter
1271 2017 1296 2069 ⁷,
1329 2032 1357 2059 a
1388 2017 1586 2058 Martiam
1616 2016 1810 2069 Bouquet
1825 2017 1852 2067 3,

368 2075 419 2115 ab
442 2074 558 2115 J.-P.
581 2073 763 2126 BIiyne⁹
795 2075 969 2127 repetita
995 2079 1065 2117 cst.
1113 2076 1181 2116 M.
1208 2075 1403 2128 Bouquet
1432 2075 1592 2128 aliquot
1621 2074 1855 2128 apoyraphi
1881 2093 1915 2118 30

343 2163 349 2167 -
370 2132 414 2174 S.
443 2132 622 2174 Victoris
643 2133 834 2174 lectiones
861 2138 898 2174 et
919 2133 1212 2175 annotationes
1243 2147 1293 2175 ex
1323 2133 1596 2187 scriptoribus
1621 2133 1856 2175 coaetaneis

368 2191 604 2243 desumptas
644 2191 759 2243 operi
805 2191 987 2233 subiecit.
1056 2192 1316 2244 Editionem,
1359 2206 1485 2245 quam
1532 2191 1584 2234 G.
1627 2192 1688 2233 H.
1729 2192 1856 2233 Pert-⁷

369 2263 408 2290 a.
448 2254 571 2290 1829.
612 2249 661 2290 in
700 2250 815 2292 MG.
853 2250 1030 2303 paravit
1050 2251 1094 2302 1⁰,
1137 2250 1249 2292 inter
1290 2251 1526 2305 Scriptores
1565 2264 1706 2292 rerum
1753 2250 1854 2292 Ger-

370 2378 404 2417 1)
434 2377 475 2410 L.
499 2376 639 2418 Delisle‚
666 2377 879 2410 ‘Inventaire
903 2377 961 2410 des
987 2379 1202 2410 manuscrits
1228 2377 1402 2411 conserves
1428 2377 1450 2409 ὰ
1477 2377 1511 2410 la
1537 2375 1766 2420 bibliotheque
1790 2378 1856 2408 im-

362 2422 502 2466 pe'riale
526 2434 608 2457 sous
632 2424 680 2457 les
705 2435 762 2457 nr.
780 2426 1047 2459 8823—11503
1073 2425 1119 2456 du
1139 2425 1244 2464 fonds
1264 2423 1378 2466 Iatin’,
1401 2436 1438 2467 p.
1459 2426 1525 2459 49:
1552 2425 1656 2460 9768.
1682 2422 1855 2457 ‘Histoire
1881 2433 1916 2458 35

369 2469 414 2503 de
440 2469 618 2504 Nithard.‘
645 2469 711 2505 IX.
739 2482 763 2505 s,
870 2471 906 2514 2)
935 2471 990 2512 Cf.
1018 2471 1264 2504 Brakelmann
1293 2472 1314 2506 l.
1341 2482 1390 2510 c.,·
1427 2472 1579 2505 Condere
1605 2472 1626 2505 I.
1654 2481 1703 2509 c.,·
1737 2470 1856 2504 Laum-

371 2518 391 2551 Ι.
417 2528 443 2554 ε,
465 2529 502 2560 p.
529 2517 667 2551 XLIV.
694 2521 723 2550 et
748 2528 862 2560 supra
884 2529 922 2560 p.
942 2518 1011 2552 XI.
1118 2520 1154 2561 3)
1188 2518 1231 2551 Vt
1256 2519 1321 2559 fol.
1343 2519 1372 2553 1.
1399 2519 1640 2561 adscriptum:
1664 2516 1737 2551 Hic
1763 2516 1857 2550 liber

370 2566 424 2597 est
457 2563 581 2597 Sancti
608 2564 767 2598 Victoris
801 2564 1011 2598 Parisiensis
1046 2569 1103 2600 etc.
1200 2567 1236 2608 4)
1269 2565 1363 2606 Quae
1397 2567 1611 2597 enumerat-it
1647 2565 1688 2599 L.
1716 2564 1854 2604 Delisle,

370 2611 582 2644 ‘Inrentaire
598 2612 657 2644 des
673 2614 889 2645 manuscrits
905 2613 945 2644 de
962 2612 1118 2653 l’abbaye
1135 2611 1175 2644 de
1192 2613 1260 2647 St.-
1271 2611 1412 2654 Victor’,
1430 2612 1549 2646 Paris.
1572 2613 1674 2652 1869,
1694 2622 1732 2654 p.
1751 2611 1796 2646 36
1806 2621 1855 2654 sq.

370 2659 405 2701 5)
438 2658 476 2691 V.
503 2669 616 2700 supra
646 2669 682 2701 p.
710 2659 778 2701 XI,
810 2670 844 2693 n.
872 2660 904 2699 6,
936 2659 984 2693 cd.
1014 2661 1043 2693 1.
1080 2659 1234 2692 Parisiis
1262 2661 1372 2702 158&
1407 2659 1456 2693 ed.
1484 2660 1515 2693 2.
1551 2658 1724 2698 Francos.
1751 2659 1855 2698 1594,
1883 2668 1918 2691 40

365 2716 403 2747 p.
430 2707 646 2740 433—488.
767 2705 802 2748 6)
838 2706 943 2738 Libri
975 2716 1090 2748 supra
1122 2718 1157 2749 p.
1184 2706 1241 2746 X,
1277 2717 1309 2740 n.
1337 2708 1368 2740 2.
1404 2706 1546 2738 laudati
1578 2716 1615 2748 p.
1641 2706 1856 2740 359—380.

372 2753 407 2794 7)
433 2752 495 2785 SS.
522 2763 642 2784 rerum
670 2752 799 2793 Germ„
826 2754 1059 2793 Arqeutorati
1085 2755 1186 2794 1702,
1218 2764 1255 2795 p,
1283 2754 1457 2788 83-108,
1553 2754 1590 2795 8)
1618 2752 1700 2787 Ber.
1729 2751 1856 2785 Gallie.

371 2802 400 2830 et
425 2798 587 2833 Francic.
615 2799 675 2833 SS.
705 2799 914 2843 1'I(1749),
947 2811 981 2843 p.
1010 2801 1168 2837 6T-7-22
1203 2799 1290 2838 ῘἿΙ,
1321 2811 1359 2842 p.
1387 2801 1553 2834 10—33.
1661 2800 1696 2839 9)
1720 2798 1857 2832 Patr-ol.

372 2845 453 2880 Lat.
480 2849 502 2880 t.
528 2846 649 2879 CXVI
677 2846 812 2889 (1852),
839 2847 898 2880 col.
922 2847 1073 2881 45—76.
1174 2848 1231 2888 10)
1263 2847 1323 2880 SS.
1351 2846 1402 2887 II,
1425 2857 1461 2889 p.
1481 2846 1679 2884 651—67‘3,
1704 2855 1856 2888 quarum

368 2894 589 2934 payinarum
615 2895 755 2925 mamerz?
779 2894 934 2936 sequenti
957 2893 1101 2926 editioni
1125 2895 1161 2925 in
1190 2894 1352 2936 maryine
1376 2893 1553 2935 adscripto·
1575 2896 1667 2927 sunt.
1882 2900 1918 2925 ⁴5
