2125 3234
330 442 411 476 842.

426 314 472 348 38
709 309 966 346 NITHARDI
989 308 1356 345 HISTORIARUM
1379 309 1535 346 LIBER
1558 309 1632 347 ΙΠ.

426 431 718 486 praemissam
770 431 1061 472 nobilitatem
1107 430 1355 471 excedebat
1406 431 1599 471 fratrum
1651 432 1810 472 sancta
1856 444 1907 473 ac

425 490 684 532 veneranda
725 489 980 531 concordia.
1042 487 1161 528 Nam
1203 488 1409 528 convivia
1450 491 1580 529 erant
1625 489 1717 529 illis
1763 503 1908 543 poene

427 549 620 598 assidua,
666 550 724 597 et,
768 548 1083 600 quodcumque
1115 546 1318 599 precium
1366 546 1610 595 habebant,
1658 547 1745 588 hoc
1791 547 1910 589 alter

425 608 558 648 alteri
595 607 875 660 perhumane
908 604 1060 645 dabat.
1125 604 1226 644 Una
1258 603 1418 645 domus
1451 606 1549 645 erat
1588 604 1681 645 illis
1714 606 1907 646 convivii

426 668 472 707 et
503 679 595 705 una
626 664 816 713 somni³;
850 663 1114 704 tractabant
1145 664 1241 703 tam
1273 662 1372 715 pari
1404 676 1625 703 consensu
1652 664 1910 704 communia

425 737 559 777 quam
591 724 638 764 et
674 721 902 776 privata1;
945 735 1036 762 non
1069 721 1311 774 quicquam
1353 720 1478 761 aliud
1511 721 1705 775 quilibet
1746 723 1908 763 horum

425 782 480 822 ab
513 781 659 822 altero
692 780 892 834 petebat,
925 779 1013 820 nisi
1045 780 1165 832 quod
1197 779 1311 820 utile
1344 792 1396 820 ac
1429 793 1678 833 congruum
1710 779 1780 820 illi
1812 794 1908 822 esse

425 839 653 881 censebat.
715 839 869 880 Ludos
910 838 1049 879 etiam
1091 838 1176 878 hoc
1218 838 1375 878 ordine
1417 834 1578 892 saepeb
1617 852 1752 880 causa
1790 851 1908 880 exer-

425 898 523 939 citii
567 897 937 952 frequentabant.
1006 895 1375 937 C‘onveniebante
1424 899 1577 937 autem
1625 911 1908 951 quocumque

426 970 678 1010 congruum
707 955 969 1010 spectaculo
991 954 1244 1003 videbatur,
1280 957 1326 995 et
1358 954 1635 996 subsistente
1664 956 1770 996 hinc
1801 956 1908 997 inde

424 1016 547 1056 omni
594 1014 915 1063 multitudine,
962 1014 1156 1067 primum
1205 1013 1303 1067 pari
1350 1026 1536 1054 numero
1580 1011 1907 1063 Saxonorumd,

424 1074 773 1122 Wasconorum,
816 1072 1179 1121 Austrasiorum,
1229 1071 1566 1121 Brittonorum,
1616 1086 1669 1113 ex
1715 1074 1908 1126 utraque

422 1134 571 1187 parte,
617 1131 761 1173 veluti
807 1131 1002 1172 invicem
1049 1130 1278 1171 adversari
1325 1129 1412 1170 sibi
1457 1130 1650 1180 vellent,
1699 1130 1816 1172 alter
1860 1131 1910 1172 in

423 1191 619 1232 alterum
642 1190 787 1231 veloci
814 1203 949 1231 cursu
979 1189 1155 1230 ruebat.
1209 1188 1331 1229 Hinc
1365 1202 1468 1242 pars
1500 1190 1630 1242 terga
1653 1203 1780 1230 versa
1811 1203 1908 1244 pro-

421 1249 536 1290 tecti
576 1249 851 1290 umbonibus
893 1249 951 1289 ad
983 1248 1127 1289 socios
1168 1247 1448 1288 insectantes
1481 1248 1670 1289 evadere
1713 1262 1758 1289 se
1790 1248 1907 1290 velle

422 1307 713 1356 simulabant,
757 1309 805 1348 at
837 1320 965 1348 versa
996 1307 1093 1348 vice
1135 1306 1302 1347 iterum
1342 1305 1458 1355 illos,
1502 1320 1613 1360 quos
1650 1307 1906 1360 fugiebant,

422 1366 631 1420 persequi
672 1366 933 1415 studebant,
969 1366 1111 1406 donec
1146 1365 1388 1405 novissime
1421 1365 1603 1418 utrique
1644 1379 1772 1419 reges
1805 1379 1908 1406 cum

422 1425 546 1466 omni
577 1425 816 1466 iuventute
847 1425 1027 1478 ingenti
1055 1424 1250 1464 clamore
1284 1423 1410 1477 equis
1433 1424 1605 1464 emissis
1632 1424 1784 1465 astilia
1806 1424 1908 1465 cris-

420 1484 612 1537 pantes2
644 1483 838 1524 exiliunt
871 1485 917 1524 et
947 1485 1096 1523 nunce
1135 1482 1218 1531 his,
1251 1496 1374 1523 nunc
1406 1482 1498 1522 illis
1528 1484 1660 1536 terga
1692 1483 1908 1524 dantibus

421 1543 653 1582 insistunt.
717 1541 918 1594 Eratque
960 1554 1030 1582 res
1067 1541 1206 1595 digna
1246 1554 1327 1594 pro
1368 1543 1500 1581 tanta
1540 1541 1784 1583 nobilitate
1824 1554 1907 1583 nec

419 1596 540 1641 nonf
578 1602 624 1641 et
655 1600 968 1642 moderatione
1001 1599 1286 1653 spectacu103
1327 1613 1418 1640 non
1451 1599 1570 1641 enim
1604 1600 1828 1654 quispiam
1859 1600 1908 1641 in

420 1661 553 1700 tanta
584 1659 884 1700 multitudine
917 1672 968 1701 ac
992 1659 1257 1699 diversitate
1280 1659 1472 1712 generis,
1508 1659 1576 1699 uti
1599 1662 1762 1713 saepeg
1787 1659 1908 1700 inter

419 1718 714 1772 paucissimos
741 1720 787 1759 et
812 1719 945 1758 notos
968 1712 1260 1771 contingereh
1288 1717 1416 1766 solet,
1451 1716 1590 1758 alicui
1617 1720 1697 1758 aut
1723 1717 1908 1759 lesionis

420 1778 500 1817 aut
531 1777 747 1830 vituperii
778 1777 1013 1831 quippiam
1044 1776 1214 1817 inferre
1247 1776 1461 1817 audebat.

562 1851 600 1887 7.
649 1847 735 1888 His
767 1848 834 1887 ita
859 1860 906 1888 se
933 1846 1210 1888 habentibus
1234 1846 1572 1887 Karlemannus
1600 1860 1701 1887 cum
1728 1847 1906 1901 ingenti

418 1906 620 1947 exercitu
653 1905 969 1947 Baioariorum
1001 1907 1047 1946 et
1079 1905 1442 1946 Alamannorum
1475 1905 1533 1945 ad
1566 1907 1740 1958 patrem
1774 1919 1905 1946 suum

417 1964 702 2018 Mogontiam
734 1965 872 2006 venit.
922 1963 1103 2005 Bard03
1134 1977 1252 2013 vero,
1287 1963 1365 2017 qui
1396 1964 1444 2003 in
1469 1963 1710 2004 Saxoniam
1744 1964 1907 2005 missus

417 2023 583 2071 fuerat,
627 2023 839 2064 similiter
870 2023 982 2064 fecit
1015 2022 1247 2070 nuntians,
1291 2022 1412 2076 quod
1448 2022 1647 2064 Saxones
1688 2023 1906 2064 mandata

416 2081 638 2123 Lodharii
668 2082 946 2136 sprevissent
979 2083 1038 2131 et,
1072 2081 1289 2135 quioquid
1316 2081 1611 2122 Lodhuvicus
1639 2083 1686 2123 et
1707 2081 1906 2123 Karolus

351 2160 355 2162 -
415 2140 508 2181 illis
541 2141 870 2194 praeciperent,
904 2140 1104 2182 libenter
1135 2140 1182 2181 id
1215 2140 1366 2181 facere
1398 2140 1585 2181 vellent.
1650 2140 1906 2182 Lodharius

253 2447 338 2474 Mart,
355 2449 398 2474 17.

416 2212 594 2253 quoque
642 2200 813 2249 missos,
862 2200 939 2253 qui
987 2200 1045 2240 ad
1092 2212 1138 2240 se
1187 2199 1350 2240 directi
1396 2199 1598 2245 fuerant,
1647 2199 1905 2241 inconsulte

416 2258 573 2299 audire
607 2258 788 2299 distulit
802 2258 830 2308 4,
865 2258 986 2312 quod
1018 2260 1113 2298 tam
1140 2257 1433 2299 Lodhuvicus
1467 2271 1601 2311 quam
1632 2260 1678 2299 et
1705 2257 1905 2299 Karolus

412 2329 497 2358 nec
530 2330 622 2358 non
655 2319 701 2358 et
732 2312 992 2359 universusi
1035 2317 1259 2358 exercitus
1293 2330 1426 2370 aegre
1460 2316 1668 2358 tulerunt
1702 2318 1760 2365 et,
1801 2330 1905 2370 qua-

414 2375 521 2417 liter
560 2376 682 2417 idem
722 2376 810 2430 ipsi
852 2376 910 2417 ad
951 2375 1083 2416 illum
1125 2375 1360 2429 pervenire
1398 2378 1597 2429 possent,
1641 2375 1904 2416 intendunt.

414 2434 534 2489 Ergo
556 2434 683 2475 XVI.
708 2435 811 2476 Kal.
837 2430 1061 2489 Aprelisk·
1077 2434 1092 2459 ⁵
1121 2434 1212 2475 illis
1238 2435 1286 2475 in
1309 2434 1517 2488 part-ibus
1541 2434 1659 2475 viam
1684 2434 1902 2488 dirigunt,

413 2550 440 2581 a)
468 2549 575 2574 somnii
604 2556 626 2576 c.
709 2549 737 2580 b)
768 2556 838 2586 sepe
866 2557 889 2574 e.
980 2550 1005 2581 c)
1032 2548 1236 2574 Cfiueniebant
1261 2555 1336 2575 corr.
1360 2548 1574 2574 coneniebam.
1667 2548 1698 2581 d)
1725 2555 1905 2574 snxouarum

412 2591 487 2610 corr.
514 2591 702 2610 saxonorum.
779 2587 807 2617 e)
825 2592 882 2610 nuc
904 2592 979 2609 corr.
1001 2592 1090 2610 nunc.
1164 2585 1187 2616 t)
1208 2592 1264 2609 nou
1285 2592 1342 2608 om.
1364 2591 1389 2609 c.
1464 2585 1491 2615 g)
1516 2590 1585 2623 sepe
1607 2591 1630 2609 c.
1700 2584 1729 2612 h)
1750 2584 1860 2615 contigi
1879 2591 1904 2609 c.

413 2620 432 2650 i)
454 2620 600 2645 uniuersis
621 2627 695 2645 corr.
717 2621 882 2646 uniuersus.
954 2620 985 2650 k)
1004 2621 1043 2644 sic
1062 2627 1084 2646 c.

413 2716 448 2761 1)
477 2716 530 2758 Cf.
557 2717 651 2751 Arm.
679 2716 816 2750 Bertin.
844 2725 877 2749 a.
895 2715 976 2755 841,
1010 2715 1030 2749 l.
1058 2725 1084 2748 e.
1112 2725 1150 2756 p.
1177 2715 1242 2749 25:
1280 2712 1436 2747 convivii
1464 2711 1571 2746 etiam
1600 2711 1903 2756 consiliorumque

412 2762 562 2798 unitate.
640 2764 677 2806 2)
699 2763 784 2797 Aen.
803 2762 834 2804 I,
854 2763 942 2797 313:
970 2761 1129 2805 crispans
1155 2759 1298 2794 hastilia
1324 2760 1442 2793 attulit
1462 2760 1653 2801 Manilius,
1681 2760 1737 2794 ιΝ.
1757 2759 1902 2793 Α)ϊ1υ“ι”

413 2810 482 2851 IX,
503 2821 541 2854 p.
565 2811 645 2845 618.
757 2811 794 2853 3)
825 2809 965 2847 Come-w
990 2809 1037 2850 cf.
1064 2808 1184 2851 Meyer·
1208 2818 1273 2841 von
1300 2808 1459 2841 Knonau
1487 2808 1509 2840 I.
1535 2818 1562 2842 c.
1586 2818 1622 2850 p,
1646 2808 1725 2847 104,
1751 2818 1785 2841 n.
1810 2807 1903 2849 2133

415 2857 601 2890 Dilmmler
626 2858 648 2892 l.
674 2868 699 2892 c.
722 2868 760 2900 p.
782 2859 860 2898 173,
886 2867 920 2890 π.
940 2858 972 2891 6.
1085 2857 1121 2898 4)
1153 2855 1208 2896 Cf.
1236 2856 1331 2889 Arm.
1360 2855 1496 2889 Bertin.
1523 2864 1557 2888 a.
1575 2855 1657 2896 842,
1685 2853 1708 2887 I.
1734 2864 1760 2888 c.
1783 2865 1819 2897 p.
1839 2855 1902 2889 27:

413 2904 540 2949 legatis
566 2914 691 2938 eorum
718 2915 739 2937 a
764 2903 817 2937 sui
843 2902 1047 2947 praesentia
1073 2904 1181 2945 atque
1208 2901 1402 2945 conloquio
1430 2899 1605 2934 inhibitis.
1710 2901 1745 2945 5)
1775 2901 1825 2934 De
1848 2901 1905 2935 dfe

407 2952 640 2994 profectionis
666 2952 738 2985 vide
764 2952 884 2994 Meyer
910 2961 973 2984 ron
997 2950 1154 2983 Knonau
1181 2949 1202 2984 I.
1222 2960 1248 2985 c.
1270 2960 1308 2992 p.
1331 2950 1410 2988 104,
1437 2959 1470 2986 n.
1488 2949 1568 2984 215.

1935 970 1969 994 10

1935 1261 1968 1286 15

1934 1555 1969 1581 20

1933 1861 1967 1886 25

1932 2155 1967 2180 30

1931 2452 1965 2477 35

1930 2771 1966 2795 60
