2125 3234
749 250 1054 288 PRAEFATIO.
1541 249 1643 285 xm

161 372 425 414 manicarum
458 386 498 413 a.
535 374 658 413 1839.
693 371 920 424 iterumque
952 385 991 413 a.
1028 373 1153 412 1870.
1186 369 1322 411 codice
1361 383 1388 410 a
1422 369 1644 411 {Villielmo

162 431 308 472 Arndt
344 431 478 472 denuo
519 430 666 471 collato
707 429 906 482 repetivit.
970 428 1198 471 Proximus
1235 428 1292 469 A.
1333 427 1497 469 Holder
1542 441 1644 480 opus

163 487 374 530 Nithardi
405 487 536 530 edidit
551 489 577 539 1,
610 488 692 539 sed,
725 492 772 529 ut
802 487 863 529 ita
890 487 1038 539 dicam,
1066 486 1208 540 potius
1239 485 1401 527 litteras
1431 484 1520 527 eius
1551 485 1645 526 dili-

159 545 398 600 9entissime
429 546 641 599 expressit,
676 560 758 588 non
789 545 1021 598 editionem,
1054 559 1137 598 qua
1168 543 1296 595 facile
1329 543 1388 586 uti
1414 556 1643 597 possemus,

114 620 132 646 ⁶
162 604 412 657 adornavi&
443 605 516 646 sed
544 604 724 647 indicem
756 604 973 646 nominum
1004 603 1201 646 subdidit.

304 669 362 710 In
395 668 584 722 linquam
612 668 872 711 Francicam
892 667 1115 710 Historias
1146 670 1356 709 verterunt
1380 666 1432 708 L.
1463 664 1648 709 Cousin2

162 731 200 769 et
219 727 273 769 F.
299 726 451 769 Guieot
465 727 491 778 ³,
522 726 570 768 in
599 726 897 769 Germanicam
919 725 1261 768 annotationibus
1282 727 1394 768 docte
1415 726 1648 766 adornatas

162 786 209 828 J.
256 800 293 827 v.
341 785 559 828 Jasmund
570 787 597 836 4,
640 799 764 838 quam
814 785 1038 827 versionem
1084 784 1152 827 W.
1195 783 1467 826 Wattenbach
1515 782 1551 824 b.
1591 796 1646 823 m.

162 843 398 886 emendavit
412 844 438 884 ⁵.

105 915 138 940 ιο
303 901 364 944 In
405 906 589 944 nostrum
635 915 752 943 usum
791 901 967 943 codicem·
1008 901 1157 943 iterum
1195 900 1366 943 contulit
1403 900 1449 941 V.
1491 899 1554 942 Cl.
1586 899 1647 941 H.

162 960 360 1014 Lebeyue,
403 974 571 1014 operum
613 965 849 1002 nostrorum
884 959 927 1002 in
961 961 1059 1002 urbe
1090 959 1300 1002 Parisina
1332 958 1548 1001 benevolus
1579 958 1650 999 ad-

161 1018 286 1070 iutor,
319 1019 392 1060 sed
422 1018 547 1061 etiam
579 1032 683 1071 quae
714 1018 794 1061 Ph.
819 1017 940 1069 Jaffe
971 1019 1007 1060 b.
1040 1032 1092 1059 m.
1119 1017 1297 1070 proprio
1328 1016 1424 1058 usui
1456 1016 1554 1057 olim
1586 1030 1648 1058 ac-

162 1077 426 1119 curatissime
466 1077 743 1130 exscripserat
783 1091 966 1130 quaeque
1008 1080 1104 1130 post
1150 1076 1303 1118 obitum
1343 1075 1434 1117 eius
1479 1075 1538 1116 ad
1576 1074 1650 1116 col-

162 1135 354 1177 lectiones
384 1140 553 1177 nostras
579 1140 872 1188 pervenerunt,
907 1139 945 1177 et
973 1135 1213 1187 exemplum,
1247 1135 1357 1187 quod
1386 1133 1454 1175 M.
1486 1133 1650 1175 Ennec·

105 1214 137 1239 ιε
163 1207 280 1236 cerus
311 1194 425 1236 dedit
441 1194 467 1246 ⁶,
500 1194 618 1236 baud
647 1194 738 1236 sine
768 1194 911 1245 fructu
943 1193 1133 1235 adhibui.

312 1257 471 1310 Quibus
501 1258 732 1300 instructus
771 1257 974 1299 subsidiis
1004 1261 1157 1299 textum
1189 1258 1247 1299 ad
1277 1271 1468 1299 normam
1500 1255 1654 1299 codicis

161 1316 280 1359 unici
310 1320 507 1358 vetustate
539 1330 588 1358 ac
621 1316 801 1358 bonitate
833 1315 1096 1369 praestantis
1138 1315 1311 1367 restitui,
1354 1330 1381 1357 a
1412 1329 1491 1368 quo
1523 1313 1653 1356 raris-

162 1375 265 1417 sime
304 1379 466 1416 tautum
499 1379 536 1416 et
570 1374 744 1416 nonnisi
785 1388 875 1416 cum
916 1387 1062 1416 sensus
1102 1373 1149 1415 id
1178 1378 1412 1426 exposceret
1451 1387 1501 1415 ac
1531 1371 1655 1425 βαρί-

162 1438 280 1486 taret,
330 1433 506 1481 recessi:
552 1434 768 1475 verborum
815 1437 951 1475 autem
991 1432 1276 1474 distinctionis
1323 1431 1529 1474 rationem
1569 1444 1654 1472 non

103 1507 138 1531 20
161 1491 302 1534 habui.
365 1492 479 1544 Quae
519 1506 650 1534 manu
689 1491 852 1534 scribae
891 1491 953 1533 vel
994 1492 1046 1533 ab
1083 1490 1186 1532 aliis
1229 1491 1424 1544 leguntur
1455 1493 1652 1541 correcta,

162 1551 209 1592 in
241 1551 350 1592 notis
382 1550 517 1592 attuli.
582 1550 666 1593 Ubi
699 1550 824 1592 codex
855 1565 878 1592 e
902 1563 986 1603 pro
1017 1563 1069 1592 ae
1093 1550 1280 1602 praebet,
1314 1549 1498 1600 retinui,·
1530 1547 1559 1603 ᾗ
1592 1561 1656 1590 ex-

165 1609 308 1663 pressi
338 1623 459 1664 prae,
494 1609 565 1651 ubi
586 1609 858 1662 praepositio,
891 1608 992 1650 aliis
1023 1608 1122 1650 locis
1155 1608 1224 1659 ita,
1258 1612 1304 1649 ut
1331 1607 1521 1661 culyaris
1543 1605 1657 1649 verbi

171 1667 383 1710 scribendi
414 1667 526 1709 ratio
557 1671 640 1718 est:
664 1681 746 1720 pro
767 1667 792 1720 ᾷ
817 1666 969 1719 scripsi
991 1680 1126 1721 quae3
1163 1681 1186 1721 ς
1210 1680 1292 1719 pro
1324 1680 1376 1709 ae
1408 1665 1494 1707 sive
1525 1680 1577 1707 oe
1608 1665 1658 1707 in

172 1730 292 1768 notas
322 1725 475 1772 reieci:
506 1741 537 1767 u
563 1740 645 1778 pro
676 1741 703 1766 v
735 1730 774 1767 et
801 1740 865 1766 uu
890 1739 972 1778 pro
1003 1740 1043 1766 w
1076 1724 1121 1766 in
1152 1724 1253 1766 solis
1284 1724 1419 1766 verbis
1450 1724 1658 1766 iuramen-

106 1799 140 1824 25
167 1789 304 1826 tor-um
343 1785 391 1826 F
389 1784 573 1826 rancicis
619 1788 656 1826 et
702 1783 973 1826 Germanicis
1018 1783 1189 1825 retinui.
1254 1784 1464 1825 Numeros
1506 1782 1659 1835 scripsi

166 1843 273 1886 sicut
303 1844 496 1897 Zeyuntur
526 1842 574 1884 in
606 1843 743 1885 codice
775 1842 924 1884 litteris
946 1842 1156 1884 Roma-nis
1187 1841 1373 1895 expressi
1404 1846 1478 1883 aut
1508 1840 1655 1883 verbis.

166 1903 300 1956 quue
339 1901 429 1953 fere
466 1903 591 1954 doleo,
634 1902 744 1954 quod
782 1901 1084 1943 sententiarum
1126 1900 1482 1954 inteipunctiones
1522 1904 1561 1941 et
1598 1899 1658 1941 di-

165 1961 318 2002 stincta
364 1960 590 2002 intervalla
631 1974 715 2002 non
758 1959 906 2013 ubique
951 1959 1014 2001 ita
1059 1959 1239 2012 recipere
1275 1958 1411 2012 potui,
1462 1958 1570 2001 sicut
1611 1958 1660 2000 in

167 2019 302 2061 codice-
334 2023 574 2070 cernuntur,
609 2033 700 2061 cum
731 2018 818 2072 ipse
851 2018 969 2059 illum
1001 2031 1087 2060 non
1119 2017 1309 2060 viderim.
1373 2017 1568 2070 Capitum
1600 2017 1659 2059 di-

108 2098 142 2124 30
167 2077 408 2120 stinctiones
439 2077 621 2119 instituit
651 2078 707 2119 A.
743 2078 797 2119 du
837 2077 1014 2129 Chesne,
1047 2090 1165 2129 quem
1206 2090 1345 2118 omnes
1385 2076 1563 2118 editores
1601 2089 1658 2118 se-

168 2135 252 2178 cuti
287 2140 395 2178 sunt.

309 2195 562 2237 Iuramenta
604 2208 709 2247 quae
750 2194 948 2236 dicuntur
987 2193 1388 2248 Aryentoratensia,
1437 2193 1660 2235 veterrima

169 2253 414 2307 linyuarum
437 2253 677 2295 Francicae
703 2257 741 2295 et
771 2252 1053 2295 Germanicae
1077 2256 1344 2295 monumenta
1361 2252 1386 2305 ⁷,
1419 2251 1660 2305 saepissime

169 2312 294 2364 edita,
326 2311 448 2353 multi
476 2312 558 2353 viri
579 2311 688 2354 docti
716 2312 838 2354 verba
869 2311 1142 2364 interpretari
1169 2315 1244 2353 aut
1273 2312 1495 2353 emendare
1520 2310 1660 2353 conati

111 2388 145 2413 35
172 2375 270 2412 sunt
288 2371 316 2411 ὃ.
388 2370 609 2412 Foliorum
663 2370 741 2412 lias
794 2370 1003 2422 formulas
1058 2369 1359 2413 continentium
1414 2368 1661 2423 compluries

172 2497 207 2539 1)
230 2497 518 2530 ‘Germanis-cher
544 2497 813 2531 Bzicherschatzl
837 2498 904 2539 VI,
938 2497 1116 2539 Frtburyi
1140 2497 1259 2540 Brisy.
1285 2500 1315 2530 et
1346 2496 1529 2539 Tubtnyae
1556 2497 1657 2532 1882.

171 2545 207 2588 2)
230 2543 337 2578 ‘Hi-st.
364 2544 404 2577 de
429 2544 590 2588 l'empire
614 2544 825 2578 d'Occident'
853 2545 877 2577 I
897 2544 1035 2585 (Paris.
1064 2545 1184 2585 1683),
1205 2555 1244 2587 p.
1262 2545 1331 2579 317
1344 2554 1417 2587 sqq.
1515 2544 1550 2586 3)
1574 2543 1661 2577 ‘Col-

172 2592 292 2625 lection
317 2592 376 2624 des
401 2590 582 2625 ›nenioires
615 2592 756 2632 relatifs
789 2592 810 2625 ἁ
837 2591 1017 2625 l'histoire
1041 2591 1082 2624 de
1106 2591 1259 2624 France'
1284 2591 1352 2624 III
1371 2590 1511 2632 (Paris.
1540 2591 1662 2633 1824),

169 2650 205 2683 p.
222 2639 421 2674 425—497.
496 2638 535 2681 4)
555 2638 840 2674 ‘Geschichtschiz
859 2639 923 2672 der
937 2637 1119 2672 deutschen
1136 2637 1288 2671 Vorzeit’
1307 2639 1409 2673 1851.
1484 2639 1519 2679 5)
1541 2637 1610 2671 Ed.
1627 2639 1660 2674 2.

113 2699 148 2723 40
175 2685 317 2729 (1877),
351 2695 440 2720 saec.
472 2685 546 2727 IX,
582 2690 605 2720 t.
637 2685 688 2724 V‚·
721 2686 772 2720 ed.
799 2687 834 2726 3,
873 2685 973 2728 Lips.
1000 2685 1102 2721 1888.
1201 2685 1235 2729 6)
1268 2685 1322 2726 Cf.
1357 2686 1460 2726 infra
1488 2695 1527 2727 p.
1552 2684 1662 2725 XIV,

174 2743 208 2767 n.
236 2733 267 2768 1.
377 2733 413 2775 7)
448 2732 556 2774 Infra
590 2743 628 2776 p.
655 2733 700 2767 36
717 2743 767 2776 sq.
888 2733 926 2776 8)
963 2732 1087 2766 Omnes
1120 2733 1194 2773 fere
1230 2733 1340 2772 locos,
1375 2731 1502 2775 quibus
1536 2731 1577 2764 de
1613 2733 1662 2764 eis

173 2781 305 2822 aqitur,
341 2784 634 2813 enumerat-erunt
666 2779 897 2821 Reiffenberq,
933 2779 1147 2823 ‘Chronique
1181 2779 1222 2812 de.
1251 2778 1414 2821 Philippe
1438 2778 1616 2812 Mouskes’
1642 2778 1666 2810 Ι

174 2826 308 2867 (Bi-ux.
337 2827 457 2868 1836),
485 2837 524 2869 p.
553 2825 646 2868 CIV,
674 2837 707 2861 n.
734 2828 776 2867 ὃς
812 2826 860 2859 ΙΙ
880 2826 1019 2870 (1838),
1041 2837 1080 2869 p.
1106 2826 1176 2867 IV,
1202 2837 1237 2859 n.
1262 2827 1302 2868 1;
1337 2826 1559 2866 Massmann,
1585 2825 1663 2858 ‘Die

174 2873 313 2906 kleinen
346 2873 670 2916 Sprachdenkmale
703 2873 762 2907 des
798 2875 956 2909 8.-12.
988 2873 1079 2914 J7i.',
1118 2873 1358 2915 QuedIt'nbury
1394 2873 1496 2915 1839,
1532 2883 1570 2915 Ρ.
1597 2873 1661 2913 57;
