<?xml version="1.0" encoding="UTF-8"?>
<!DOCTYPE html PUBLIC "-//W3C//DTD XHTML 1.0 Transitional//EN"
    "http://www.w3.org/TR/xhtml1/DTD/xhtml1-transitional.dtd">
<html xmlns="http://www.w3.org/1999/xhtml" xml:lang="en" lang="en">
 <head>
  <title>
</title>
<meta http-equiv="Content-Type" content="text/html;charset=utf-8" />
  <meta name='ocr-system' content='tesseract 3.04.00' />
  <meta name='ocr-capabilities' content='ocr_page ocr_carea ocr_par ocr_line ocrx_word'/>
</head>
<body>
  <div class='ocr_page' id='page_1' title='image "./nithardihistoria00nithuoft/nithardihistoria00nithuoft_0013.png"; bbox 0 0 2125 3234; ppageno 0'>
   <div class='ocr_carea' id='block_1_1' title="bbox 0 0 9 132">
    <p class='ocr_par' dir='ltr' id='par_1_1' title="bbox 0 0 9 132">
     <span class='ocr_line' id='line_1_1' title="bbox 0 0 9 132; textangle 90"><span class='ocrx_word' id='word_1_1' title='bbox 0 0 9 132; x_wconf 64' lang='lat' dir='ltr'><em>vw--evo-</em></span> 
     </span>
    </p>
   </div>
   <div class='ocr_carea' id='block_1_2' title="bbox 809 269 1707 310">
    <p class='ocr_par' dir='ltr' id='par_1_2' title="bbox 809 269 1707 310">
     <span class='ocr_line' id='line_1_2' title="bbox 809 269 1707 310; baseline -0.006 -3"><span class='ocrx_word' id='word_1_2' title='bbox 809 269 1114 307; x_wconf 87' lang='lat' dir='ltr'><strong>PRAEFATIO.</strong></span> <span class='ocrx_word' id='word_1_3' title='bbox 1646 275 1661 309; x_wconf 93' lang='grc'>]</span> <span class='ocrx_word' id='word_1_4' title='bbox 1670 274 1707 310; x_wconf 80' lang='lat' dir='ltr'>X</span> 
     </span>
    </p>
   </div>
   <div class='ocr_carea' id='block_1_3' title="bbox 179 390 1711 851">
    <p class='ocr_par' dir='ltr' id='par_1_3' title="bbox 217 390 1711 618">
     <span class='ocr_line' id='line_1_3' title="bbox 222 390 1710 447; baseline 0.002 -13"><span class='ocrx_word' id='word_1_5' title='bbox 222 403 478 445; x_wconf 72' lang='lat' dir='ltr'><em>anonymum</em></span> <span class='ocrx_word' id='word_1_6' title='bbox 516 395 678 432; x_wconf 83' lang='lat' dir='ltr'><em>secutus</em></span> <span class='ocrx_word' id='word_1_7' title='bbox 708 404 794 432; x_wconf 88' lang='lat' dir='ltr'><em>esse</em></span> <span class='ocrx_word' id='word_1_8' title='bbox 823 390 999 442; x_wconf 83' lang='lat' dir='ltr'><em>videtur,</em></span> <span class='ocrx_word' id='word_1_9' title='bbox 1039 390 1214 432; x_wconf 88' lang='lat' dir='ltr'><em>insertis</em></span> <span class='ocrx_word' id='word_1_10' title='bbox 1253 391 1472 433; x_wconf 75' lang='lat' dir='ltr'><em>nonnullis</em></span> <span class='ocrx_word' id='word_1_11' title='bbox 1505 391 1556 444; x_wconf 88' lang='lat' dir='ltr'><em>(e.</em></span> <span class='ocrx_word' id='word_1_12' title='bbox 1587 408 1627 447; x_wconf 80' lang='lat'><em>9.</em></span> <span class='ocrx_word' id='word_1_13' title='bbox 1661 396 1710 437; x_wconf 88' lang='lat' dir='ltr'><em>de</em></span> 
     </span>
     <span class='ocr_line' id='line_1_4' title="bbox 217 448 1710 503; baseline 0.001 -12"><span class='ocrx_word' id='word_1_14' title='bbox 217 449 411 502; x_wconf 78' lang='lat' dir='ltr'><em>portione</em></span> <span class='ocrx_word' id='word_1_15' title='bbox 451 448 572 502; x_wconf 75' lang='lat' dir='ltr'><em>reyni</em></span> <span class='ocrx_word' id='word_1_16' title='bbox 604 449 769 490; x_wconf 66' lang='grc' dir='ltr'><em>Κατ-οἷο</em></span> <span class='ocrx_word' id='word_1_17' title='bbox 810 448 1002 501; x_wconf 85' lang='lat' dir='ltr'><em>tributa),</em></span> <span class='ocrx_word' id='word_1_18' title='bbox 1045 462 1151 501; x_wconf 80' lang='lat' dir='ltr'><em>quae</em></span> <span class='ocrx_word' id='word_1_19' title='bbox 1191 449 1305 501; x_wconf 86' lang='lat' dir='ltr'><em>apud</em></span> <span class='ocrx_word' id='word_1_20' title='bbox 1334 463 1589 503; x_wconf 74' lang='lat' dir='ltr'><em>anonymum</em></span> <span class='ocrx_word' id='word_1_21' title='bbox 1625 467 1710 494; x_wconf 92' lang='lat' dir='ltr'><em>non</em></span> 
     </span>
     <span class='ocr_line' id='line_1_5' title="bbox 224 506 1711 560; baseline 0.001 -11"><span class='ocrx_word' id='word_1_22' title='bbox 224 508 418 560; x_wconf 74' lang='lat' dir='ltr'><em>leyuntur</em></span> <span class='ocrx_word' id='word_1_23' title='bbox 431 507 459 547; x_wconf 85' lang='lat'><em>¹.</em></span> <span class='ocrx_word' id='word_1_24' title='bbox 521 506 701 548; x_wconf 87' lang='lat' dir='ltr'><em>Librum</em></span> <span class='ocrx_word' id='word_1_25' title='bbox 740 507 852 549; x_wconf 90' lang='lat' dir='ltr'><em>inter</em></span> <span class='ocrx_word' id='word_1_26' title='bbox 899 508 1043 549; x_wconf 85' lang='lat' dir='ltr'><em>turbas</em></span> <span class='ocrx_word' id='word_1_27' title='bbox 1089 506 1257 548; x_wconf 81' lang='lat' dir='ltr'><em>bellicas</em></span> <span class='ocrx_word' id='word_1_28' title='bbox 1302 508 1580 560; x_wconf 84' lang='lat' dir='ltr'><em>conscriptum</em></span> <span class='ocrx_word' id='word_1_29' title='bbox 1625 524 1711 551; x_wconf 87' lang='lat' dir='ltr'><em>non</em></span> 
     </span>
     <span class='ocr_line' id='line_1_6' title="bbox 222 564 1711 618; baseline 0.002 -12"><span class='ocrx_word' id='word_1_30' title='bbox 222 565 414 607; x_wconf 82' lang='lat' dir='ltr'><em>omnibus</em></span> <span class='ocrx_word' id='word_1_31' title='bbox 456 564 645 607; x_wconf 87' lang='lat' dir='ltr'><em>numeris</em></span> <span class='ocrx_word' id='word_1_32' title='bbox 685 565 845 607; x_wconf 81' lang='lat' dir='ltr'><em>absolvi</em></span> <span class='ocrx_word' id='word_1_33' title='bbox 879 565 1078 618; x_wconf 86' lang='lat' dir='ltr'><em>potuisse,</em></span> <span class='ocrx_word' id='word_1_34' title='bbox 1119 578 1424 618; x_wconf 71' lang='lat' dir='ltr'><em>nonnunquam</em></span> <span class='ocrx_word' id='word_1_35' title='bbox 1465 567 1711 610; x_wconf 72' lang='lat' dir='ltr'><em>obscuritate</em></span> 
     </span>
    </p>

    <p class='ocr_par' dir='ltr' id='par_1_4' title="bbox 179 623 1710 851">
     <span class='ocr_line' id='line_1_7' title="bbox 179 623 1710 676; baseline 0.003 -12"><span class='ocrx_word' id='word_1_36' title='bbox 179 635 196 660; x_wconf 81' lang='lat'>⁵</span> <span class='ocrx_word' id='word_1_37' title='bbox 223 623 540 675; x_wconf 83' lang='lat' dir='ltr'><em>sententiarum,</em></span> <span class='ocrx_word' id='word_1_38' title='bbox 579 636 884 676; x_wconf 75' lang='lat' dir='ltr'><em>nonnunquam</em></span> <span class='ocrx_word' id='word_1_39' title='bbox 914 627 953 664; x_wconf 91' lang='lat' dir='ltr'><em>et</em></span> <span class='ocrx_word' id='word_1_40' title='bbox 981 623 1098 664; x_wconf 81' lang='lat' dir='ltr'><em>vitiis</em></span> <span class='ocrx_word' id='word_1_41' title='bbox 1128 637 1178 665; x_wconf 88' lang='lat' dir='ltr'><em>ac</em></span> <span class='ocrx_word' id='word_1_42' title='bbox 1209 624 1486 666; x_wconf 83' lang='lat' dir='ltr'><em>barbarismis</em></span> <span class='ocrx_word' id='word_1_43' title='bbox 1517 626 1710 668; x_wconf 82' lang='lat' dir='ltr'><em>laborare</em></span> 
     </span>
     <span class='ocr_line' id='line_1_8' title="bbox 223 681 1710 735; baseline 0.001 -12"><span class='ocrx_word' id='word_1_44' title='bbox 223 695 344 723; x_wconf 88' lang='lat' dir='ltr'><em>nemo</em></span> <span class='ocrx_word' id='word_1_45' title='bbox 384 685 490 723; x_wconf 88' lang='lat' dir='ltr'><em>certe</em></span> <span class='ocrx_word' id='word_1_46' title='bbox 530 685 590 723; x_wconf 87' lang='lat' dir='ltr'><em>est</em></span> <span class='ocrx_word' id='word_1_47' title='bbox 627 681 700 734; x_wconf 82' lang='lat' dir='ltr'><em>qui</em></span> <span class='ocrx_word' id='word_1_48' title='bbox 738 681 927 723; x_wconf 87' lang='lat' dir='ltr'><em>miretur.</em></span> <span class='ocrx_word' id='word_1_49' title='bbox 996 682 1089 734; x_wconf 77' lang='lat' dir='ltr'><em>Qua</em></span> <span class='ocrx_word' id='word_1_50' title='bbox 1120 683 1168 723; x_wconf 86' lang='lat' dir='ltr'><em>de</em></span> <span class='ocrx_word' id='word_1_51' title='bbox 1206 695 1251 723; x_wconf 89' lang='lat' dir='ltr'><em>re</em></span> <span class='ocrx_word' id='word_1_52' title='bbox 1290 696 1467 735; x_wconf 81' lang='lat' dir='ltr'><em>aequum</em></span> <span class='ocrx_word' id='word_1_53' title='bbox 1507 683 1710 725; x_wconf 86' lang='lat' dir='ltr'><em>iudicium</em></span> 
     </span>
     <span class='ocr_line' id='line_1_9' title="bbox 221 738 1710 793; baseline 0.003 -13"><span class='ocrx_word' id='word_1_54' title='bbox 221 739 336 790; x_wconf 84' lang='lat' dir='ltr'><em>ferre</em></span> <span class='ocrx_word' id='word_1_55' title='bbox 366 738 440 780; x_wconf 77' lang='lat' dir='ltr'><em>vix</em></span> <span class='ocrx_word' id='word_1_56' title='bbox 471 752 695 791; x_wconf 84' lang='lat' dir='ltr'><em>possumus</em></span> <span class='ocrx_word' id='word_1_57' title='bbox 733 753 817 782; x_wconf 88' lang='lat' dir='ltr'><em>uno</em></span> <span class='ocrx_word' id='word_1_58' title='bbox 849 743 1011 782; x_wconf 88' lang='lat' dir='ltr'><em>tantum</em></span> <span class='ocrx_word' id='word_1_59' title='bbox 1042 739 1132 781; x_wconf 84' lang='lat' dir='ltr'><em>cius</em></span> <span class='ocrx_word' id='word_1_60' title='bbox 1163 740 1298 782; x_wconf 88' lang='lat' dir='ltr'><em>codice</em></span> <span class='ocrx_word' id='word_1_61' title='bbox 1329 755 1452 793; x_wconf 82' lang='lat' dir='ltr'><em>eoque</em></span> <span class='ocrx_word' id='word_1_62' title='bbox 1483 755 1567 783; x_wconf 86' lang='lat' dir='ltr'><em>non</em></span> <span class='ocrx_word' id='word_1_63' title='bbox 1599 747 1710 784; x_wconf 87' lang='lat' dir='ltr'><em>auto-</em></span> 
     </span>
     <span class='ocr_line' id='line_1_10' title="bbox 215 797 639 851; baseline -0.005 -12"><span class='ocrx_word' id='word_1_64' title='bbox 215 797 380 851; x_wconf 76' lang='lat' dir='ltr'><em>yrapho</em></span> <span class='ocrx_word' id='word_1_65' title='bbox 410 797 639 850; x_wconf 77' lang='lat' dir='ltr'><em>superstite.</em></span> 
     </span>
    </p>
   </div>
   <div class='ocr_carea' id='block_1_4' title="bbox 160 866 1709 1503">
    <p class='ocr_par' dir='ltr' id='par_1_5' title="bbox 363 866 1709 921">
     <span class='ocr_line' id='line_1_11' title="bbox 363 866 1709 921; baseline 0.002 -13"><span class='ocrx_word' id='word_1_66' title='bbox 363 866 573 909; x_wconf 86' lang='lat' dir='ltr'><em>Nithardi</em></span> <span class='ocrx_word' id='word_1_67' title='bbox 604 866 715 908; x_wconf 87' lang='lat' dir='ltr'><em>enim</em></span> <span class='ocrx_word' id='word_1_68' title='bbox 751 867 872 918; x_wconf 82' lang='lat' dir='ltr'><em>fama</em></span> <span class='ocrx_word' id='word_1_69' title='bbox 913 867 1047 909; x_wconf 84' lang='lat' dir='ltr'><em>medio</em></span> <span class='ocrx_word' id='word_1_70' title='bbox 1079 882 1178 909; x_wconf 76' lang='lat' dir='ltr'><em>aei-o</em></span> <span class='ocrx_word' id='word_1_71' title='bbox 1210 882 1295 910; x_wconf 89' lang='lat' dir='ltr'><em>non</em></span> <span class='ocrx_word' id='word_1_72' title='bbox 1328 882 1410 921; x_wconf 86' lang='lat' dir='ltr'><em>pro</em></span> <span class='ocrx_word' id='word_1_73' title='bbox 1442 869 1588 911; x_wconf 80' lang='lat' dir='ltr'><em>merito</em></span> <span class='ocrx_word' id='word_1_74' title='bbox 1619 870 1709 912; x_wconf 86' lang='lat' dir='ltr'><em>eius</em></span> 
     </span>
    </p>

    <p class='ocr_par' dir='ltr' id='par_1_6' title="bbox 160 925 1708 1503">
     <span class='ocr_line' id='line_1_12' title="bbox 162 925 1708 981; baseline 0.003 -15"><span class='ocrx_word' id='word_1_75' title='bbox 162 937 194 962; x_wconf 90' lang='lat'><em>10</em></span> <span class='ocrx_word' id='word_1_76' title='bbox 213 925 466 980; x_wconf 68' lang='lat' dir='ltr'><em>percrebuit.</em></span> <span class='ocrx_word' id='word_1_77' title='bbox 538 925 658 967; x_wconf 70' lang='lat' dir='ltr'><em>Mico</em></span> <span class='ocrx_word' id='word_1_78' title='bbox 705 925 963 978; x_wconf 85' lang='lat' dir='ltr'><em>epitaphium</em></span> <span class='ocrx_word' id='word_1_79' title='bbox 1007 926 1248 979; x_wconf 76' lang='lat' dir='ltr'><em>Anyilberti</em></span> <span class='ocrx_word' id='word_1_80' title='bbox 1295 927 1559 969; x_wconf 77' lang='lat' dir='ltr'><em>conscribens</em></span> <span class='ocrx_word' id='word_1_81' title='bbox 1607 942 1708 981; x_wconf 83' lang='lat' dir='ltr'><em>opus</em></span> 
     </span>
     <span class='ocr_line' id='line_1_13' title="bbox 219 983 1707 1036; baseline 0.001 -11"><span class='ocrx_word' id='word_1_82' title='bbox 219 983 309 1026; x_wconf 87' lang='lat' dir='ltr'><em>eius</em></span> <span class='ocrx_word' id='word_1_83' title='bbox 349 983 512 1025; x_wconf 73' lang='lat' dir='ltr'><em>novisse</em></span> <span class='ocrx_word' id='word_1_84' title='bbox 552 983 758 1036; x_wconf 64' lang='lat' dir='ltr'><em>videtui-2,</em></span> <span class='ocrx_word' id='word_1_85' title='bbox 801 988 839 1025; x_wconf 89' lang='lat' dir='ltr'><em>et</em></span> <span class='ocrx_word' id='word_1_86' title='bbox 877 984 1128 1026; x_wconf 79' lang='lat' dir='ltr'><em>Hucbaldus</em></span> <span class='ocrx_word' id='word_1_87' title='bbox 1168 998 1274 1026; x_wconf 87' lang='lat' dir='ltr'><em>saec.</em></span> <span class='ocrx_word' id='word_1_88' title='bbox 1311 985 1370 1026; x_wconf 88' lang='lat' dir='ltr'><em>X.</em></span> <span class='ocrx_word' id='word_1_89' title='bbox 1434 986 1477 1027; x_wconf 81' lang='lat' dir='ltr'><em>S.</em></span> <span class='ocrx_word' id='word_1_90' title='bbox 1516 986 1707 1028; x_wconf 85' lang='lat' dir='ltr'><em>Amandi</em></span> 
     </span>
     <span class='ocr_line' id='line_1_14' title="bbox 219 1042 1704 1095; baseline 0.001 -12"><span class='ocrx_word' id='word_1_91' title='bbox 219 1042 465 1095; x_wconf 83' lang='lat' dir='ltr'><em>monachus,</em></span> <span class='ocrx_word' id='word_1_92' title='bbox 507 1055 613 1095; x_wconf 79' lang='lat' dir='ltr'><em>quae</em></span> <span class='ocrx_word' id='word_1_93' title='bbox 659 1043 708 1083; x_wconf 89' lang='lat' dir='ltr'><em>de</em></span> <span class='ocrx_word' id='word_1_94' title='bbox 750 1042 967 1084; x_wconf 70' lang='lat' dir='ltr'><em>Saxonum</em></span> <span class='ocrx_word' id='word_1_95' title='bbox 1014 1042 1234 1084; x_wconf 82' lang='lat' dir='ltr'><em>ordinibus</em></span> <span class='ocrx_word' id='word_1_96' title='bbox 1275 1043 1394 1095; x_wconf 84' lang='lat' dir='ltr'><em>dicit,</em></span> <span class='ocrx_word' id='word_1_97' title='bbox 1442 1043 1491 1084; x_wconf 88' lang='lat' dir='ltr'><em>in</em></span> <span class='ocrx_word' id='word_1_98' title='bbox 1532 1044 1630 1086; x_wconf 86' lang='lat' dir='ltr'><em>Vita</em></span> <span class='ocrx_word' id='word_1_99' title='bbox 1672 1059 1704 1086; x_wconf 88' lang='lat' dir='ltr'><em>s.</em></span> 
     </span>
     <span class='ocr_line' id='line_1_15' title="bbox 220 1100 1706 1153; baseline 0.002 -12"><span class='ocrx_word' id='word_1_100' title='bbox 220 1100 404 1142; x_wconf 89' lang='lat' dir='ltr'><em>Lebuini</em></span> <span class='ocrx_word' id='word_1_101' title='bbox 454 1100 645 1153; x_wconf 77' lang='lat' dir='ltr'><em>repetivit</em></span> <span class='ocrx_word' id='word_1_102' title='bbox 663 1101 691 1140; x_wconf 81' lang='lat'><em>3.</em></span> <span class='ocrx_word' id='word_1_103' title='bbox 766 1100 1004 1152; x_wconf 81' lang='lat' dir='ltr'><em>Hariulfus</em></span> <span class='ocrx_word' id='word_1_104' title='bbox 1055 1101 1186 1142; x_wconf 81' lang='lat' dir='ltr'><em>Iocum</em></span> <span class='ocrx_word' id='word_1_105' title='bbox 1237 1114 1316 1153; x_wconf 78' lang='lat' dir='ltr'><em>quo</em></span> <span class='ocrx_word' id='word_1_106' title='bbox 1364 1101 1607 1143; x_wconf 79' lang='lat' dir='ltr'><em>Nithardus</em></span> <span class='ocrx_word' id='word_1_107' title='bbox 1658 1104 1706 1144; x_wconf 87' lang='lat' dir='ltr'><em>de</em></span> 
     </span>
     <span class='ocr_line' id='line_1_16' title="bbox 220 1158 1706 1211; baseline 0.001 -12"><span class='ocrx_word' id='word_1_108' title='bbox 220 1158 383 1211; x_wconf 74' lang='lat' dir='ltr'><em>oriyine</em></span> <span class='ocrx_word' id='word_1_109' title='bbox 429 1172 507 1200; x_wconf 87' lang='lat' dir='ltr'><em>sua</em></span> <span class='ocrx_word' id='word_1_110' title='bbox 553 1158 736 1211; x_wconf 80' lang='lat' dir='ltr'><em>loquitur</em></span> <span class='ocrx_word' id='word_1_111' title='bbox 782 1159 976 1200; x_wconf 89' lang='lat' dir='ltr'><em>chronico</em></span> <span class='ocrx_word' id='word_1_112' title='bbox 1026 1173 1100 1200; x_wconf 90' lang='lat' dir='ltr'><em>suo</em></span> <span class='ocrx_word' id='word_1_113' title='bbox 1152 1159 1349 1211; x_wconf 83' lang='lat' dir='ltr'><em>inseruit,</em></span> <span class='ocrx_word' id='word_1_114' title='bbox 1402 1174 1487 1201; x_wconf 89' lang='lat' dir='ltr'><em>non</em></span> <span class='ocrx_word' id='word_1_115' title='bbox 1533 1175 1554 1201; x_wconf 85' lang='lat' dir='ltr'><em>e</em></span> <span class='ocrx_word' id='word_1_116' title='bbox 1600 1161 1706 1201; x_wconf 79' lang='lat' dir='ltr'><em>libro</em></span> 
     </span>
     <span class='ocr_line' id='line_1_17' title="bbox 160 1216 1706 1270; baseline 0.002 -13"><span class='ocrx_word' id='word_1_117' title='bbox 160 1233 193 1258; x_wconf 85' lang='lat'><em>15</em></span> <span class='ocrx_word' id='word_1_118' title='bbox 219 1230 349 1258; x_wconf 83' lang='lat' dir='ltr'><em>manu</em></span> <span class='ocrx_word' id='word_1_119' title='bbox 389 1216 542 1269; x_wconf 89' lang='lat' dir='ltr'><em>scripto</em></span> <span class='ocrx_word' id='word_1_120' title='bbox 581 1216 791 1270; x_wconf 74' lang='lat' dir='ltr'><em>inteyrum</em></span> <span class='ocrx_word' id='word_1_121' title='bbox 827 1231 929 1269; x_wconf 83' lang='lat' dir='ltr'><em>opus</em></span> <span class='ocrx_word' id='word_1_122' title='bbox 961 1217 1189 1269; x_wconf 85' lang='lat' dir='ltr'><em>Nithardi,</em></span> <span class='ocrx_word' id='word_1_123' title='bbox 1231 1232 1347 1270; x_wconf 82' lang='lat' dir='ltr'><em>quem</em></span> <span class='ocrx_word' id='word_1_124' title='bbox 1381 1223 1589 1260; x_wconf 81' lang='lat' dir='ltr'><em>auctorem</em></span> <span class='ocrx_word' id='word_1_125' title='bbox 1620 1233 1706 1260; x_wconf 88' lang='lat' dir='ltr'><em>esse</em></span> 
     </span>
     <span class='ocr_line' id='line_1_18' title="bbox 219 1274 1704 1329; baseline 0.001 -13"><span class='ocrx_word' id='word_1_126' title='bbox 219 1274 413 1326; x_wconf 79' lang='lat' dir='ltr'><em>nescivit,</em></span> <span class='ocrx_word' id='word_1_127' title='bbox 462 1274 696 1316; x_wconf 82' lang='lat' dir='ltr'><em>continente</em></span> <span class='ocrx_word' id='word_1_128' title='bbox 742 1275 981 1326; x_wconf 79' lang='lat' dir='ltr'><em>adsumens,</em></span> <span class='ocrx_word' id='word_1_129' title='bbox 1030 1277 1103 1316; x_wconf 87' lang='lat' dir='ltr'><em>sed</em></span> <span class='ocrx_word' id='word_1_130' title='bbox 1141 1290 1162 1317; x_wconf 89' lang='lat' dir='ltr'><em>e</em></span> <span class='ocrx_word' id='word_1_131' title='bbox 1202 1275 1353 1328; x_wconf 84' lang='lat' dir='ltr'><em>codice,</em></span> <span class='ocrx_word' id='word_1_132' title='bbox 1395 1290 1512 1329; x_wconf 79' lang='lat' dir='ltr'><em>quem</em></span> <span class='ocrx_word' id='word_1_133' title='bbox 1560 1277 1704 1319; x_wconf 58' lang='lat' dir='ltr'><em>Gerti-</em></span> 
     </span>
     <span class='ocr_line' id='line_1_19' title="bbox 220 1332 1705 1387; baseline 0.001 -13"><span class='ocrx_word' id='word_1_134' title='bbox 220 1347 320 1374; x_wconf 85' lang='lat' dir='ltr'><em>num</em></span> <span class='ocrx_word' id='word_1_135' title='bbox 351 1333 538 1375; x_wconf 84' lang='lat' dir='ltr'><em>abbatem</em></span> <span class='ocrx_word' id='word_1_136' title='bbox 576 1347 604 1374; x_wconf 84' lang='lat' dir='ltr'><em>a</em></span> <span class='ocrx_word' id='word_1_137' title='bbox 642 1332 803 1375; x_wconf 66' lang='lat' dir='ltr'><em>Goreia</em></span> <span class='ocrx_word' id='word_1_138' title='bbox 838 1333 1093 1375; x_wconf 87' lang='lat' dir='ltr'><em>monasterio</em></span> <span class='ocrx_word' id='word_1_139' title='bbox 1124 1334 1313 1375; x_wconf 83' lang='lat' dir='ltr'><em>retulisse</em></span> <span class='ocrx_word' id='word_1_140' title='bbox 1349 1339 1515 1386; x_wconf 84' lang='lat' dir='ltr'><em>narrat,</em></span> <span class='ocrx_word' id='word_1_141' title='bbox 1554 1335 1705 1387; x_wconf 75' lang='lat' dir='ltr'><em>quique</em></span> 
     </span>
     <span class='ocr_line' id='line_1_20' title="bbox 218 1390 1704 1445; baseline 0.001 -13"><span class='ocrx_word' id='word_1_142' title='bbox 218 1391 331 1433; x_wconf 89' lang='lat' dir='ltr'><em>inter</em></span> <span class='ocrx_word' id='word_1_143' title='bbox 361 1390 450 1433; x_wconf 81' lang='lat' dir='ltr'><em>alia</em></span> <span class='ocrx_word' id='word_1_144' title='bbox 491 1393 549 1433; x_wconf 86' lang='lat' dir='ltr'><em>ad</em></span> <span class='ocrx_word' id='word_1_145' title='bbox 576 1391 797 1433; x_wconf 74' lang='lat' dir='ltr'><em>historiam</em></span> <span class='ocrx_word' id='word_1_146' title='bbox 835 1391 1119 1434; x_wconf 80' lang='lat' dir='ltr'><em>Centulensem</em></span> <span class='ocrx_word' id='word_1_147' title='bbox 1151 1392 1414 1445; x_wconf 86' lang='lat' dir='ltr'><em>pertinentia</em></span> <span class='ocrx_word' id='word_1_148' title='bbox 1454 1393 1579 1434; x_wconf 84' lang='lat' dir='ltr'><em>etiam</em></span> <span class='ocrx_word' id='word_1_149' title='bbox 1612 1393 1704 1434; x_wconf 89' lang='lat' dir='ltr'><em>Nit-</em></span> 
     </span>
     <span class='ocr_line' id='line_1_21' title="bbox 217 1449 1703 1503; baseline 0.001 -12"><span class='ocrx_word' id='word_1_150' title='bbox 217 1449 346 1492; x_wconf 84' lang='lat' dir='ltr'><em>hardi</em></span> <span class='ocrx_word' id='word_1_151' title='bbox 397 1449 672 1491; x_wconf 77' lang='lat' dir='ltr'><em>historiarum</em></span> <span class='ocrx_word' id='word_1_152' title='bbox 724 1454 915 1503; x_wconf 65' lang='lat' dir='ltr'><em>eoecerpta</em></span> <span class='ocrx_word' id='word_1_153' title='bbox 961 1450 1214 1492; x_wconf 83' lang='lat' dir='ltr'><em>continuisse</em></span> <span class='ocrx_word' id='word_1_154' title='bbox 1263 1451 1428 1492; x_wconf 76' lang='lat' dir='ltr'><em>ridetur</em></span> <span class='ocrx_word' id='word_1_155' title='bbox 1445 1452 1473 1491; x_wconf 77' lang='lat'><em>4.</em></span> <span class='ocrx_word' id='word_1_156' title='bbox 1545 1452 1703 1493; x_wconf 87' lang='lat' dir='ltr'><em>Eodem</em></span> 
     </span>
    </p>
   </div>
   <div class='ocr_carea' id='block_1_5' title="bbox 154 1576 1704 2931">
    <p class='ocr_par' dir='ltr' id='par_1_7' title="bbox 159 1576 1704 1806">
     <span class='ocr_line' id='line_1_22' title="bbox 159 1576 1704 1619; baseline 0 -8"><span class='ocrx_word' id='word_1_157' title='bbox 159 1588 193 1613; x_wconf 81' lang='lat'><em>20</em></span> <span class='ocrx_word' id='word_1_158' title='bbox 219 1576 255 1619; x_wconf 92' lang='lat'><em>1)</em></span> <span class='ocrx_word' id='word_1_159' title='bbox 284 1576 360 1616; x_wconf 79' lang='lat' dir='ltr'><em>Qua</em></span> <span class='ocrx_word' id='word_1_160' title='bbox 384 1577 425 1610; x_wconf 86' lang='lat' dir='ltr'><em>de</em></span> <span class='ocrx_word' id='word_1_161' title='bbox 450 1587 488 1609; x_wconf 83' lang='lat' dir='ltr'><em>re</em></span> <span class='ocrx_word' id='word_1_162' title='bbox 516 1587 604 1619; x_wconf 79' lang='lat' dir='ltr'><em>quae</em></span> <span class='ocrx_word' id='word_1_163' title='bbox 628 1576 733 1609; x_wconf 73' lang='lat' dir='ltr'><em>Pertz</em></span> <span class='ocrx_word' id='word_1_164' title='bbox 757 1577 902 1610; x_wconf 75' lang='lat' dir='ltr'><em>dixerat</em></span> <span class='ocrx_word' id='word_1_165' title='bbox 927 1577 1071 1618; x_wconf 79' lang='lat' dir='ltr'><em>retinui,</em></span> <span class='ocrx_word' id='word_1_166' title='bbox 1104 1587 1190 1609; x_wconf 85' lang='lat' dir='ltr'><em>nam</em></span> <span class='ocrx_word' id='word_1_167' title='bbox 1215 1577 1256 1611; x_wconf 88' lang='lat' dir='ltr'><em>F.</em></span> <span class='ocrx_word' id='word_1_168' title='bbox 1283 1577 1419 1617; x_wconf 70' lang='lat' dir='ltr'><em>Funck,</em></span> <span class='ocrx_word' id='word_1_169' title='bbox 1454 1577 1616 1619; x_wconf 63' lang='lat' dir='ltr'><em>‘Ludit-1⁸9</em></span> <span class='ocrx_word' id='word_1_170' title='bbox 1641 1579 1704 1611; x_wconf 82' lang='lat' dir='ltr'><em>der</em></span> 
     </span>
     <span class='ocr_line' id='line_1_23' title="bbox 217 1623 1702 1667; baseline 0.002 -12"><span class='ocrx_word' id='word_1_171' title='bbox 217 1623 393 1656; x_wconf 80' lang='lat' dir='ltr'><em>Fromme&#39;</em></span> <span class='ocrx_word' id='word_1_172' title='bbox 415 1634 452 1666; x_wconf 84' lang='lat' dir='ltr'><em>p.</em></span> <span class='ocrx_word' id='word_1_173' title='bbox 479 1625 560 1665; x_wconf 85' lang='grc'>273,</span> <span class='ocrx_word' id='word_1_174' title='bbox 586 1634 621 1658; x_wconf 83' lang='lat' dir='ltr'><em>n.</em></span> <span class='ocrx_word' id='word_1_175' title='bbox 648 1625 688 1665; x_wconf 73' lang='grc' dir='ltr'><em>ὃς</em></span> <span class='ocrx_word' id='word_1_176' title='bbox 724 1623 834 1656; x_wconf 82' lang='lat' dir='ltr'><em>Paetz</em></span> <span class='ocrx_word' id='word_1_177' title='bbox 859 1623 880 1657; x_wconf 82' lang='lat' dir='ltr'><em>l.</em></span> <span class='ocrx_word' id='word_1_178' title='bbox 908 1634 934 1657; x_wconf 90' lang='lat' dir='ltr'><em>c.</em></span> <span class='ocrx_word' id='word_1_179' title='bbox 956 1635 994 1666; x_wconf 80' lang='lat' dir='ltr'><em>p.</em></span> <span class='ocrx_word' id='word_1_180' title='bbox 1014 1626 1058 1658; x_wconf 97' lang='grc'><em>12</em></span> <span class='ocrx_word' id='word_1_181' title='bbox 1075 1634 1173 1667; x_wconf 79' lang='lat' dir='ltr'><em>sqq.;</em></span> <span class='ocrx_word' id='word_1_182' title='bbox 1206 1623 1326 1665; x_wconf 70' lang='lat' dir='ltr'><em>Meyer</em></span> <span class='ocrx_word' id='word_1_183' title='bbox 1351 1634 1415 1657; x_wconf 74' lang='lat' dir='ltr'><em>von</em></span> <span class='ocrx_word' id='word_1_184' title='bbox 1441 1625 1600 1657; x_wconf 80' lang='lat' dir='ltr'><em>Knonau</em></span> <span class='ocrx_word' id='word_1_185' title='bbox 1627 1625 1650 1657; x_wconf 83' lang='lat' dir='ltr'><em>l.</em></span> <span class='ocrx_word' id='word_1_186' title='bbox 1675 1635 1702 1659; x_wconf 86' lang='lat' dir='ltr'><em>c.</em></span> 
     </span>
     <span class='ocr_line' id='line_1_24' title="bbox 212 1669 1704 1714; baseline -0.001 -10"><span class='ocrx_word' id='word_1_187' title='bbox 212 1681 250 1713; x_wconf 79' lang='lat' dir='ltr'><em>p.</em></span> <span class='ocrx_word' id='word_1_188' title='bbox 272 1671 439 1705; x_wconf 86' lang='lat'>14—18.</span> <span class='ocrx_word' id='word_1_189' title='bbox 467 1672 536 1705; x_wconf 81' lang='lat'><em>135</em></span> <span class='ocrx_word' id='word_1_190' title='bbox 553 1681 625 1712; x_wconf 82' lang='lat' dir='ltr'><em>sq.;</em></span> <span class='ocrx_word' id='word_1_191' title='bbox 659 1669 799 1703; x_wconf 79' lang='lat' dir='ltr'><em>St‘mson</em></span> <span class='ocrx_word' id='word_1_192' title='bbox 826 1670 847 1703; x_wconf 81' lang='lat' dir='ltr'><em>l.</em></span> <span class='ocrx_word' id='word_1_193' title='bbox 874 1680 899 1703; x_wconf 89' lang='lat' dir='ltr'><em>c.</em></span> <span class='ocrx_word' id='word_1_194' title='bbox 927 1670 979 1711; x_wconf 86' lang='lat' dir='ltr'><em>II,</em></span> <span class='ocrx_word' id='word_1_195' title='bbox 1007 1681 1046 1712; x_wconf 76' lang='lat' dir='ltr'><em>p.</em></span> <span class='ocrx_word' id='word_1_196' title='bbox 1074 1672 1152 1705; x_wconf 86' lang='grc'><em>294.</em></span> <span class='ocrx_word' id='word_1_197' title='bbox 1180 1672 1258 1705; x_wconf 85' lang='grc'><em>299.</em></span> <span class='ocrx_word' id='word_1_198' title='bbox 1282 1671 1496 1714; x_wconf 79' lang='lat' dir='ltr'><em>persuadere</em></span> <span class='ocrx_word' id='word_1_199' title='bbox 1520 1671 1612 1703; x_wconf 79' lang='lat' dir='ltr'><em>mihi</em></span> <span class='ocrx_word' id='word_1_200' title='bbox 1633 1682 1704 1704; x_wconf 85' lang='lat' dir='ltr'><em>non</em></span> 
     </span>
     <span class='ocr_line' id='line_1_25' title="bbox 214 1716 1704 1760; baseline -0.001 -10"><span class='ocrx_word' id='word_1_201' title='bbox 214 1720 371 1760; x_wconf 75' lang='lat' dir='ltr'><em>possunt,</em></span> <span class='ocrx_word' id='word_1_202' title='bbox 407 1719 447 1748; x_wconf 84' lang='lat' dir='ltr'><em>ut</em></span> <span class='ocrx_word' id='word_1_203' title='bbox 480 1728 496 1751; x_wconf 87' lang='lat' dir='ltr'><em>e</em></span> <span class='ocrx_word' id='word_1_204' title='bbox 531 1718 714 1750; x_wconf 77' lang='lat' dir='ltr'><em>contrario</em></span> <span class='ocrx_word' id='word_1_205' title='bbox 739 1727 954 1758; x_wconf 75' lang='lat' dir='ltr'><em>anonymum</em></span> <span class='ocrx_word' id='word_1_206' title='bbox 979 1716 1155 1749; x_wconf 74' lang='lat' dir='ltr'><em>Nithardi</em></span> <span class='ocrx_word' id='word_1_207' title='bbox 1188 1727 1288 1759; x_wconf 82' lang='lat' dir='ltr'><em>opere</em></span> <span class='ocrx_word' id='word_1_208' title='bbox 1322 1728 1423 1750; x_wconf 83' lang='lat' dir='ltr'><em>usum</em></span> <span class='ocrx_word' id='word_1_209' title='bbox 1449 1728 1518 1750; x_wconf 82' lang='lat' dir='ltr'><em>esse</em></span> <span class='ocrx_word' id='word_1_210' title='bbox 1543 1718 1704 1760; x_wconf 82' lang='lat' dir='ltr'><em>credam,-</em></span> 
     </span>
     <span class='ocr_line' id='line_1_26' title="bbox 218 1764 1702 1806; baseline 0.001 -10"><span class='ocrx_word' id='word_1_211' title='bbox 218 1775 246 1797; x_wconf 81' lang='lat' dir='ltr'><em>v.</em></span> <span class='ocrx_word' id='word_1_212' title='bbox 277 1764 382 1804; x_wconf 84' lang='lat' dir='ltr'><em>infra</em></span> <span class='ocrx_word' id='word_1_213' title='bbox 413 1775 448 1806; x_wconf 83' lang='lat' dir='ltr'><em>p.</em></span> <span class='ocrx_word' id='word_1_214' title='bbox 477 1766 532 1804; x_wconf 86' lang='lat'><em>13,</em></span> <span class='ocrx_word' id='word_1_215' title='bbox 567 1774 602 1797; x_wconf 77' lang='lat' dir='ltr'><em>n.</em></span> <span class='ocrx_word' id='word_1_216' title='bbox 631 1765 661 1800; x_wconf 82' lang='lat'><em>1.</em></span> <span class='ocrx_word' id='word_1_217' title='bbox 688 1764 731 1805; x_wconf 79' lang='lat'><em>23</em></span> <span class='ocrx_word' id='word_1_218' title='bbox 766 1765 872 1796; x_wconf 86' lang='lat' dir='ltr'><em>immo</em></span> <span class='ocrx_word' id='word_1_219' title='bbox 906 1765 1105 1796; x_wconf 80' lang='lat' dir='ltr'><em>etiamnunc</em></span> <span class='ocrx_word' id='word_1_220' title='bbox 1141 1764 1274 1796; x_wconf 66' lang='lat' dir='ltr'><em>ridetur</em></span> <span class='ocrx_word' id='word_1_221' title='bbox 1308 1775 1364 1797; x_wconf 79' lang='lat' dir='ltr'><em>res</em></span> <span class='ocrx_word' id='word_1_222' title='bbox 1396 1764 1504 1797; x_wconf 78' lang='lat' dir='ltr'><em>dubia</em></span> <span class='ocrx_word' id='word_1_223' title='bbox 1535 1775 1624 1803; x_wconf 73' lang='lat' dir='ltr'><em>esse:</em></span> <span class='ocrx_word' id='word_1_224' title='bbox 1658 1766 1702 1805; x_wconf 83' lang='lat' dir='ltr'><em>cf.</em></span> 
     </span>
    </p>

    <p class='ocr_par' dir='ltr' id='par_1_8' title="bbox 157 1809 1703 2041">
     <span class='ocr_line' id='line_1_27' title="bbox 157 1809 1703 1854; baseline 0.003 -15"><span class='ocrx_word' id='word_1_225' title='bbox 157 1815 192 1840; x_wconf 82' lang='lat'><em>25</em></span> <span class='ocrx_word' id='word_1_226' title='bbox 225 1809 453 1843; x_wconf 82' lang='lat' dir='ltr'><em>Wattcnbach</em></span> <span class='ocrx_word' id='word_1_227' title='bbox 479 1811 500 1845; x_wconf 84' lang='lat' dir='ltr'><em>l.</em></span> <span class='ocrx_word' id='word_1_228' title='bbox 518 1822 544 1845; x_wconf 85' lang='lat' dir='ltr'><em>c.</em></span> <span class='ocrx_word' id='word_1_229' title='bbox 565 1822 604 1853; x_wconf 84' lang='lat' dir='ltr'><em>p.</em></span> <span class='ocrx_word' id='word_1_230' title='bbox 622 1811 704 1851; x_wconf 81' lang='lat'><em>230,</em></span> <span class='ocrx_word' id='word_1_231' title='bbox 727 1821 762 1844; x_wconf 83' lang='grc' dir='ltr'><em>η.</em></span> <span class='ocrx_word' id='word_1_232' title='bbox 781 1811 815 1852; x_wconf 89' lang='grc'><em>2,</em></span> <span class='ocrx_word' id='word_1_233' title='bbox 839 1822 874 1853; x_wconf 79' lang='lat' dir='ltr'><em>p.</em></span> <span class='ocrx_word' id='word_1_234' title='bbox 894 1811 974 1851; x_wconf 78' lang='lat'><em>234,</em></span> <span class='ocrx_word' id='word_1_235' title='bbox 1000 1821 1035 1844; x_wconf 87' lang='lat' dir='ltr'><em>n.</em></span> <span class='ocrx_word' id='word_1_236' title='bbox 1056 1812 1086 1845; x_wconf 91' lang='lat'><em>1.</em></span> <span class='ocrx_word' id='word_1_237' title='bbox 1112 1831 1158 1834; x_wconf 97' lang='lat'><strong>—</strong></span> <span class='ocrx_word' id='word_1_238' title='bbox 1184 1810 1322 1843; x_wconf 86' lang='lat' dir='ltr'><em>Eorum</em></span> <span class='ocrx_word' id='word_1_239' title='bbox 1340 1821 1429 1854; x_wconf 79' lang='lat' dir='ltr'><em>quae</em></span> <span class='ocrx_word' id='word_1_240' title='bbox 1445 1811 1495 1845; x_wconf 50' lang='lat' dir='ltr'><em>ill.</em></span> <span class='ocrx_word' id='word_1_241' title='bbox 1515 1811 1703 1852; x_wconf 70' lang='lat' dir='ltr'><em>Manitz&#39;us,</em></span> 
     </span>
     <span class='ocr_line' id='line_1_28' title="bbox 217 1855 1700 1901; baseline 0 -12"><span class='ocrx_word' id='word_1_242' title='bbox 217 1856 275 1889; x_wconf 88' lang='lat' dir='ltr'><em>‘N.</em></span> <span class='ocrx_word' id='word_1_243' title='bbox 299 1855 443 1890; x_wconf 86' lang='lat' dir='ltr'><em>Arch-iv’</em></span> <span class='ocrx_word' id='word_1_244' title='bbox 469 1857 546 1899; x_wconf 87' lang='lat' dir='ltr'><em>IX,</em></span> <span class='ocrx_word' id='word_1_245' title='bbox 577 1868 615 1901; x_wconf 87' lang='lat' dir='ltr'><em>p.</em></span> <span class='ocrx_word' id='word_1_246' title='bbox 643 1858 711 1892; x_wconf 89' lang='grc'><em>617</em></span> <span class='ocrx_word' id='word_1_247' title='bbox 729 1867 791 1899; x_wconf 64' lang='lat' dir='ltr'><em>sq,</em></span> <span class='ocrx_word' id='word_1_248' title='bbox 829 1868 844 1889; x_wconf 89' lang='lat' dir='ltr'><em>e</em></span> <span class='ocrx_word' id='word_1_249' title='bbox 874 1857 1026 1899; x_wconf 68' lang='lat' dir='ltr'><em>Vei-yiliz&#39;</em></span> <span class='ocrx_word' id='word_1_250' title='bbox 1059 1858 1221 1899; x_wconf 81' lang='lat' dir='ltr'><em>operibus</em></span> <span class='ocrx_word' id='word_1_251' title='bbox 1255 1859 1303 1890; x_wconf 84' lang='lat' dir='ltr'><em>ad</em></span> <span class='ocrx_word' id='word_1_252' title='bbox 1336 1861 1496 1891; x_wconf 82' lang='lat' dir='ltr'><em>nostrum</em></span> <span class='ocrx_word' id='word_1_253' title='bbox 1523 1859 1700 1900; x_wconf 77' lang='lat' dir='ltr'><em>attulerat,</em></span> 
     </span>
     <span class='ocr_line' id='line_1_29' title="bbox 215 1903 1703 1947; baseline 0 -11"><span class='ocrx_word' id='word_1_254' title='bbox 215 1903 388 1936; x_wconf 80' lang='lat' dir='ltr'><em>nonnulla</em></span> <span class='ocrx_word' id='word_1_255' title='bbox 413 1907 585 1937; x_wconf 74' lang='lat' dir='ltr'><em>annotavi</em></span> <span class='ocrx_word' id='word_1_256' title='bbox 595 1915 610 1943; x_wconf 90' lang='lat'><em>;</em></span> <span class='ocrx_word' id='word_1_257' title='bbox 645 1905 782 1946; x_wconf 72' lang='lat' dir='ltr'><em>neylerri</em></span> <span class='ocrx_word' id='word_1_258' title='bbox 805 1913 895 1944; x_wconf 68' lang='lat' dir='ltr'><em>vero,</em></span> <span class='ocrx_word' id='word_1_259' title='bbox 925 1914 1015 1946; x_wconf 82' lang='lat' dir='ltr'><em>quae</em></span> <span class='ocrx_word' id='word_1_260' title='bbox 1040 1904 1096 1938; x_wconf 60' lang='grc' dir='ltr'><em>(Ν.</em></span> <span class='ocrx_word' id='word_1_261' title='bbox 1125 1904 1265 1939; x_wconf 79' lang='lat' dir='ltr'><em>Archz&#39;v&#39;</em></span> <span class='ocrx_word' id='word_1_262' title='bbox 1283 1905 1352 1945; x_wconf 90' lang='lat' dir='ltr'><em>XI,</em></span> <span class='ocrx_word' id='word_1_263' title='bbox 1385 1916 1420 1947; x_wconf 84' lang='lat' dir='ltr'><em>p.</em></span> <span class='ocrx_word' id='word_1_264' title='bbox 1441 1906 1597 1940; x_wconf 80' lang='lat'><strong>69—73.</strong></span> <span class='ocrx_word' id='word_1_265' title='bbox 1624 1905 1703 1937; x_wconf 82' lang='lat' dir='ltr'><em>Nit-</em></span> 
     </span>
     <span class='ocr_line' id='line_1_30' title="bbox 215 1949 1700 1993; baseline 0.001 -10"><span class='ocrx_word' id='word_1_266' title='bbox 215 1949 372 1983; x_wconf 84' lang='lat' dir='ltr'><em>hardum</em></span> <span class='ocrx_word' id='word_1_267' title='bbox 396 1952 575 1984; x_wconf 77' lang='lat' dir='ltr'><em>imitatum</em></span> <span class='ocrx_word' id='word_1_268' title='bbox 599 1961 671 1984; x_wconf 86' lang='lat' dir='ltr'><em>esse</em></span> <span class='ocrx_word' id='word_1_269' title='bbox 692 1955 884 1984; x_wconf 83' lang='lat' dir='ltr'><em>censuerat.</em></span> <span class='ocrx_word' id='word_1_270' title='bbox 925 1951 980 1991; x_wconf 84' lang='lat' dir='ltr'><em>Cf.</em></span> <span class='ocrx_word' id='word_1_271' title='bbox 999 1953 1102 1983; x_wconf 85' lang='lat' dir='ltr'><em>etiam</em></span> <span class='ocrx_word' id='word_1_272' title='bbox 1125 1952 1229 1991; x_wconf 82' lang='lat' dir='ltr'><em>infra</em></span> <span class='ocrx_word' id='word_1_273' title='bbox 1249 1962 1287 1993; x_wconf 88' lang='lat' dir='ltr'><em>p.</em></span> <span class='ocrx_word' id='word_1_274' title='bbox 1305 1953 1363 1992; x_wconf 85' lang='lat'><em>37,</em></span> <span class='ocrx_word' id='word_1_275' title='bbox 1381 1962 1415 1985; x_wconf 85' lang='lat' dir='ltr'><em>n.</em></span> <span class='ocrx_word' id='word_1_276' title='bbox 1435 1953 1467 1992; x_wconf 89' lang='grc'><em>2,</em></span> <span class='ocrx_word' id='word_1_277' title='bbox 1481 1962 1519 1993; x_wconf 84' lang='lat' dir='ltr'><em>p.</em></span> <span class='ocrx_word' id='word_1_278' title='bbox 1538 1952 1596 1992; x_wconf 69' lang='lat'><em>48,</em></span> <span class='ocrx_word' id='word_1_279' title='bbox 1615 1963 1648 1985; x_wconf 81' lang='lat' dir='ltr'><em>n.</em></span> <span class='ocrx_word' id='word_1_280' title='bbox 1668 1953 1700 1985; x_wconf 86' lang='lat'><em>4.</em></span> 
     </span>
     <span class='ocr_line' id='line_1_31' title="bbox 214 1996 1700 2041; baseline -0.001 -9"><span class='ocrx_word' id='word_1_281' title='bbox 214 1997 251 2039; x_wconf 89' lang='grc'><em>2)</em></span> <span class='ocrx_word' id='word_1_282' title='bbox 279 1997 333 2039; x_wconf 80' lang='lat' dir='ltr'><em>Cf.</em></span> <span class='ocrx_word' id='word_1_283' title='bbox 368 1998 473 2038; x_wconf 79' lang='lat' dir='ltr'><em>infra</em></span> <span class='ocrx_word' id='word_1_284' title='bbox 502 2009 541 2040; x_wconf 88' lang='lat' dir='ltr'><em>p.</em></span> <span class='ocrx_word' id='word_1_285' title='bbox 568 1999 626 2039; x_wconf 83' lang='lat'><em>48,</em></span> <span class='ocrx_word' id='word_1_286' title='bbox 662 2009 697 2030; x_wconf 83' lang='lat' dir='ltr'><em>n.</em></span> <span class='ocrx_word' id='word_1_287' title='bbox 723 1999 756 2032; x_wconf 88' lang='grc'><em>2.</em></span> <span class='ocrx_word' id='word_1_288' title='bbox 853 1998 890 2038; x_wconf 84' lang='grc'><em>3)</em></span> <span class='ocrx_word' id='word_1_289' title='bbox 913 1996 974 2031; x_wconf 89' lang='lat' dir='ltr'><em>SS.</em></span> <span class='ocrx_word' id='word_1_290' title='bbox 1002 1998 1062 2037; x_wconf 89' lang='grc' dir='ltr'><em>ΙΙ,</em></span> <span class='ocrx_word' id='word_1_291' title='bbox 1090 2009 1129 2040; x_wconf 87' lang='lat' dir='ltr'><em>p.</em></span> <span class='ocrx_word' id='word_1_292' title='bbox 1155 1999 1244 2032; x_wconf 85' lang='lat'><strong>361:</strong></span> <span class='ocrx_word' id='word_1_293' title='bbox 1279 1996 1353 2032; x_wconf 90' lang='lat' dir='ltr'><em>Sed</em></span> <span class='ocrx_word' id='word_1_294' title='bbox 1383 2002 1457 2031; x_wconf 87' lang='lat' dir='ltr'><em>erat</em></span> <span class='ocrx_word' id='word_1_295' title='bbox 1492 2008 1580 2040; x_wconf 87' lang='lat' dir='ltr'><em>gens</em></span> <span class='ocrx_word' id='word_1_296' title='bbox 1613 1998 1700 2041; x_wconf 87' lang='lat' dir='ltr'><em>ipsa,</em></span> 
     </span>
    </p>

    <p class='ocr_par' dir='ltr' id='par_1_9' title="bbox 155 2043 1702 2275">
     <span class='ocr_line' id='line_1_32' title="bbox 155 2043 1700 2087; baseline 0.002 -13"><span class='ocrx_word' id='word_1_297' title='bbox 155 2049 189 2074; x_wconf 79' lang='lat'><em>30</em></span> <span class='ocrx_word' id='word_1_298' title='bbox 214 2043 319 2077; x_wconf 88' lang='lat' dir='ltr'><em>sicuti</em></span> <span class='ocrx_word' id='word_1_299' title='bbox 344 2054 441 2077; x_wconf 87' lang='lat' dir='ltr'><em>nunc</em></span> <span class='ocrx_word' id='word_1_300' title='bbox 466 2055 578 2087; x_wconf 87' lang='lat' dir='ltr'><em>usque</em></span> <span class='ocrx_word' id='word_1_301' title='bbox 605 2043 778 2086; x_wconf 79' lang='lat' dir='ltr'><em>consistit,</em></span> <span class='ocrx_word' id='word_1_302' title='bbox 805 2043 931 2077; x_wconf 86' lang='lat' dir='ltr'><em>ordine</em></span> <span class='ocrx_word' id='word_1_303' title='bbox 956 2043 1140 2087; x_wconf 82' lang='lat' dir='ltr'><em>tripartito</em></span> <span class='ocrx_word' id='word_1_304' title='bbox 1166 2043 1288 2078; x_wconf 87' lang='lat' dir='ltr'><em>divisa.</em></span> <span class='ocrx_word' id='word_1_305' title='bbox 1341 2043 1435 2078; x_wconf 86' lang='lat' dir='ltr'><em>Sunt</em></span> <span class='ocrx_word' id='word_1_306' title='bbox 1461 2043 1614 2087; x_wconf 84' lang='lat' dir='ltr'><em>denique</em></span> <span class='ocrx_word' id='word_1_307' title='bbox 1640 2044 1700 2085; x_wconf 85' lang='lat' dir='ltr'><em>ibi,</em></span> 
     </span>
     <span class='ocr_line' id='line_1_33' title="bbox 214 2089 1700 2135; baseline 0 -12"><span class='ocrx_word' id='word_1_308' title='bbox 214 2090 276 2133; x_wconf 89' lang='lat' dir='ltr'><em>qui</em></span> <span class='ocrx_word' id='word_1_309' title='bbox 311 2089 456 2124; x_wconf 89' lang='lat' dir='ltr'><em>illorum</em></span> <span class='ocrx_word' id='word_1_310' title='bbox 493 2091 618 2135; x_wconf 86' lang='lat' dir='ltr'><em>lingua</em></span> <span class='ocrx_word' id='word_1_311' title='bbox 644 2090 792 2134; x_wconf 82' lang='lat' dir='ltr'><em>edlingi,</em></span> <span class='ocrx_word' id='word_1_312' title='bbox 826 2093 910 2123; x_wconf 86' lang='lat' dir='ltr'><em>sunt</em></span> <span class='ocrx_word' id='word_1_313' title='bbox 939 2091 1000 2133; x_wconf 91' lang='lat' dir='ltr'><em>qui</em></span> <span class='ocrx_word' id='word_1_314' title='bbox 1036 2089 1185 2134; x_wconf 82' lang='lat' dir='ltr'><em>frilingi,</em></span> <span class='ocrx_word' id='word_1_315' title='bbox 1220 2094 1301 2124; x_wconf 90' lang='lat' dir='ltr'><em>sunt</em></span> <span class='ocrx_word' id='word_1_316' title='bbox 1329 2091 1388 2134; x_wconf 92' lang='lat' dir='ltr'><em>qui</em></span> <span class='ocrx_word' id='word_1_317' title='bbox 1413 2091 1494 2124; x_wconf 86' lang='lat' dir='ltr'><em>lassi</em></span> <span class='ocrx_word' id='word_1_318' title='bbox 1520 2090 1700 2130; x_wconf 88' lang='lat' dir='ltr'><em>dicuntur,</em></span> 
     </span>
     <span class='ocr_line' id='line_1_34' title="bbox 214 2136 1701 2181; baseline 0 -11"><span class='ocrx_word' id='word_1_319' title='bbox 214 2136 312 2180; x_wconf 89' lang='lat' dir='ltr'><em>quod</em></span> <span class='ocrx_word' id='word_1_320' title='bbox 329 2136 513 2170; x_wconf 85' lang='lat' dir='ltr'><em>inLatina</em></span> <span class='ocrx_word' id='word_1_321' title='bbox 529 2139 633 2171; x_wconf 87' lang='lat' dir='ltr'><em>sonat</em></span> <span class='ocrx_word' id='word_1_322' title='bbox 650 2137 773 2180; x_wconf 78' lang='lat' dir='ltr'><em>lingua</em></span> <span class='ocrx_word' id='word_1_323' title='bbox 798 2137 949 2179; x_wconf 85' lang='lat' dir='ltr'><em>nobiles,</em></span> <span class='ocrx_word' id='word_1_324' title='bbox 976 2137 1177 2181; x_wconf 78' lang='lat' dir='ltr'><em>ingenuiles</em></span> <span class='ocrx_word' id='word_1_325' title='bbox 1203 2141 1309 2181; x_wconf 88' lang='lat' dir='ltr'><em>atque</em></span> <span class='ocrx_word' id='word_1_326' title='bbox 1335 2137 1500 2180; x_wconf 82' lang='lat' dir='ltr'><em>serviles;</em></span> <span class='ocrx_word' id='word_1_327' title='bbox 1527 2140 1570 2178; x_wconf 81' lang='lat' dir='ltr'><em>cf.</em></span> <span class='ocrx_word' id='word_1_328' title='bbox 1595 2138 1701 2178; x_wconf 77' lang='lat' dir='ltr'><em>infra</em></span> 
     </span>
     <span class='ocr_line' id='line_1_35' title="bbox 210 2185 1701 2228; baseline -0.002 -9"><span class='ocrx_word' id='word_1_329' title='bbox 210 2195 246 2228; x_wconf 79' lang='lat' dir='ltr'><em>p.</em></span> <span class='ocrx_word' id='word_1_330' title='bbox 265 2185 322 2226; x_wconf 85' lang='lat'><em>41,</em></span> <span class='ocrx_word' id='word_1_331' title='bbox 351 2185 371 2218; x_wconf 80' lang='lat' dir='ltr'><em>l.</em></span> <span class='ocrx_word' id='word_1_332' title='bbox 392 2186 542 2220; x_wconf 84' lang='lat'>15—18.</span> <span class='ocrx_word' id='word_1_333' title='bbox 568 2205 615 2209; x_wconf 91' lang='lat'>—</span> <span class='ocrx_word' id='word_1_334' title='bbox 641 2185 747 2225; x_wconf 77' lang='lat' dir='ltr'><em>Quem</em></span> <span class='ocrx_word' id='word_1_335' title='bbox 773 2185 882 2217; x_wconf 81' lang='lat' dir='ltr'><em>locum</em></span> <span class='ocrx_word' id='word_1_336' title='bbox 908 2186 1013 2217; x_wconf 82' lang='lat' dir='ltr'><em>etiam</em></span> <span class='ocrx_word' id='word_1_337' title='bbox 1036 2185 1252 2226; x_wconf 80' lang='lat' dir='ltr'><em>Ruodolfum</em></span> <span class='ocrx_word' id='word_1_338' title='bbox 1268 2185 1477 2217; x_wconf 78' lang='lat' dir='ltr'><em>Fuldeusem</em></span> <span class='ocrx_word' id='word_1_339' title='bbox 1503 2186 1539 2216; x_wconf 77' lang='lat' dir='ltr'><em>in</em></span> <span class='ocrx_word' id='word_1_340' title='bbox 1564 2185 1701 2216; x_wconf 82' lang='lat' dir='ltr'><em>Trans-</em></span> 
     </span>
     <span class='ocr_line' id='line_1_36' title="bbox 214 2231 1702 2275; baseline -0.001 -12"><span class='ocrx_word' id='word_1_341' title='bbox 214 2231 342 2264; x_wconf 80' lang='lat' dir='ltr'><em>latz&#39;one</em></span> <span class='ocrx_word' id='word_1_342' title='bbox 365 2241 394 2266; x_wconf 84' lang='lat' dir='ltr'><em>s.</em></span> <span class='ocrx_word' id='word_1_343' title='bbox 421 2232 625 2264; x_wconf 64' lang='lat' dir='ltr'><em>Alexandri</em></span> <span class='ocrx_word' id='word_1_344' title='bbox 649 2232 876 2275; x_wconf 75' lang='lat' dir='ltr'><em>eacscripsz·sse</em></span> <span class='ocrx_word' id='word_1_345' title='bbox 903 2231 1008 2264; x_wconf 77' lang='lat' dir='ltr'><em>Pertz</em></span> <span class='ocrx_word' id='word_1_346' title='bbox 1031 2232 1149 2264; x_wconf 84' lang='lat' dir='ltr'><em>dicens</em></span> <span class='ocrx_word' id='word_1_347' title='bbox 1173 2234 1211 2264; x_wconf 87' lang='lat' dir='ltr'><em>in</em></span> <span class='ocrx_word' id='word_1_348' title='bbox 1239 2242 1358 2265; x_wconf 85' lang='lat' dir='ltr'><em>errore</em></span> <span class='ocrx_word' id='word_1_349' title='bbox 1391 2235 1554 2264; x_wconf 75' lang='lat' dir='ltr'><em>versatur</em></span> <span class='ocrx_word' id='word_1_350' title='bbox 1564 2242 1578 2270; x_wconf 87' lang='grc'><em>,·</em></span> <span class='ocrx_word' id='word_1_351' title='bbox 1612 2231 1702 2274; x_wconf 82' lang='lat' dir='ltr'><em>quod</em></span> 
     </span>
    </p>

    <p class='ocr_par' dir='ltr' id='par_1_10' title="bbox 155 2277 1702 2508">
     <span class='ocr_line' id='line_1_37' title="bbox 155 2277 1700 2321; baseline 0.001 -13"><span class='ocrx_word' id='word_1_352' title='bbox 155 2283 189 2308; x_wconf 82' lang='lat'><em>35</em></span> <span class='ocrx_word' id='word_1_353' title='bbox 214 2287 282 2321; x_wconf 80' lang='lat' dir='ltr'><em>quo</em></span> <span class='ocrx_word' id='word_1_354' title='bbox 307 2278 452 2319; x_wconf 81' lang='lat' dir='ltr'><em>facilius</em></span> <span class='ocrx_word' id='word_1_355' title='bbox 478 2279 712 2320; x_wconf 73' lang='lat' dir='ltr'><em>intelleyatur,</em></span> <span class='ocrx_word' id='word_1_356' title='bbox 746 2279 851 2311; x_wconf 72' lang='lat' dir='ltr'><em>verba</em></span> <span class='ocrx_word' id='word_1_357' title='bbox 876 2280 961 2319; x_wconf 72' lang='lat' dir='ltr'><em>eius,</em></span> <span class='ocrx_word' id='word_1_358' title='bbox 988 2278 1051 2312; x_wconf 85' lang='lat' dir='ltr'><em>SS.</em></span> <span class='ocrx_word' id='word_1_359' title='bbox 1079 2278 1129 2319; x_wconf 87' lang='lat' dir='ltr'><em>II,</em></span> <span class='ocrx_word' id='word_1_360' title='bbox 1150 2289 1187 2320; x_wconf 81' lang='lat' dir='ltr'><em>p.</em></span> <span class='ocrx_word' id='word_1_361' title='bbox 1216 2280 1296 2319; x_wconf 81' lang='lat'><em>675,</em></span> <span class='ocrx_word' id='word_1_362' title='bbox 1321 2279 1580 2311; x_wconf 78' lang='lat' dir='ltr'><em>adscribimus:</em></span> <span class='ocrx_word' id='word_1_363' title='bbox 1605 2277 1700 2321; x_wconf 79' lang='lat' dir='ltr'><em>Qua-</em></span> 
     </span>
     <span class='ocr_line' id='line_1_38' title="bbox 215 2324 1701 2369; baseline -0.001 -11"><span class='ocrx_word' id='word_1_364' title='bbox 215 2328 298 2358; x_wconf 85' lang='lat' dir='ltr'><em>tuor</em></span> <span class='ocrx_word' id='word_1_365' title='bbox 323 2325 435 2369; x_wconf 85' lang='lat' dir='ltr'><em>igitur</em></span> <span class='ocrx_word' id='word_1_366' title='bbox 453 2324 664 2359; x_wconf 86' lang='lat' dir='ltr'><em>differentiis</em></span> <span class='ocrx_word' id='word_1_367' title='bbox 688 2335 776 2369; x_wconf 81' lang='lat' dir='ltr'><em>gens</em></span> <span class='ocrx_word' id='word_1_368' title='bbox 802 2324 864 2358; x_wconf 87' lang='lat' dir='ltr'><em>illa</em></span> <span class='ocrx_word' id='word_1_369' title='bbox 881 2324 1054 2366; x_wconf 79' lang='lat' dir='ltr'><em>consistit,</em></span> <span class='ocrx_word' id='word_1_370' title='bbox 1079 2324 1256 2358; x_wconf 85' lang='lat' dir='ltr'><em>nobilium</em></span> <span class='ocrx_word' id='word_1_371' title='bbox 1280 2324 1416 2358; x_wconf 85' lang='lat' dir='ltr'><em>scilicet</em></span> <span class='ocrx_word' id='word_1_372' title='bbox 1434 2328 1470 2358; x_wconf 85' lang='lat' dir='ltr'><em>et</em></span> <span class='ocrx_word' id='word_1_373' title='bbox 1491 2324 1701 2367; x_wconf 86' lang='lat' dir='ltr'><em>liberorum,</em></span> 
     </span>
     <span class='ocr_line' id='line_1_39' title="bbox 214 2371 1700 2415; baseline 0.001 -11"><span class='ocrx_word' id='word_1_374' title='bbox 214 2371 430 2405; x_wconf 88' lang='lat' dir='ltr'><em>libertorum</em></span> <span class='ocrx_word' id='word_1_375' title='bbox 455 2375 562 2415; x_wconf 83' lang='lat' dir='ltr'><em>atque</em></span> <span class='ocrx_word' id='word_1_376' title='bbox 589 2383 788 2406; x_wconf 87' lang='lat' dir='ltr'><em>servorum.</em></span> <span class='ocrx_word' id='word_1_377' title='bbox 884 2372 920 2415; x_wconf 87' lang='lat'><em>4)</em></span> <span class='ocrx_word' id='word_1_378' title='bbox 948 2372 1003 2412; x_wconf 84' lang='lat' dir='ltr'><em>Cf.</em></span> <span class='ocrx_word' id='word_1_379' title='bbox 1022 2371 1186 2413; x_wconf 82' lang='lat' dir='ltr'><em>Hariulfi</em></span> <span class='ocrx_word' id='word_1_380' title='bbox 1214 2372 1234 2406; x_wconf 81' lang='lat' dir='ltr'><em>Z.</em></span> <span class='ocrx_word' id='word_1_381' title='bbox 1253 2372 1320 2413; x_wconf 81' lang='lat' dir='ltr'><em>IV,</em></span> <span class='ocrx_word' id='word_1_382' title='bbox 1347 2382 1372 2406; x_wconf 83' lang='lat' dir='ltr'><em>c.</em></span> <span class='ocrx_word' id='word_1_383' title='bbox 1394 2374 1448 2412; x_wconf 84' lang='lat'><em>17,</em></span> <span class='ocrx_word' id='word_1_384' title='bbox 1476 2372 1496 2406; x_wconf 77' lang='lat' dir='ltr'><em>l.</em></span> <span class='ocrx_word' id='word_1_385' title='bbox 1516 2382 1541 2405; x_wconf 88' lang='lat' dir='ltr'><em>c.</em></span> <span class='ocrx_word' id='word_1_386' title='bbox 1564 2373 1700 2413; x_wconf 49' lang='grc'>11219,</span> 
     </span>
     <span class='ocr_line' id='line_1_40' title="bbox 216 2417 1702 2461; baseline 0 -11"><span class='ocrx_word' id='word_1_387' title='bbox 216 2429 244 2452; x_wconf 69' lang='grc' dir='ltr'><em>ι’.</em></span> <span class='ocrx_word' id='word_1_388' title='bbox 270 2428 385 2461; x_wconf 82' lang='lat' dir='ltr'><em>supra</em></span> <span class='ocrx_word' id='word_1_389' title='bbox 412 2430 447 2461; x_wconf 87' lang='lat' dir='ltr'><em>p.</em></span> <span class='ocrx_word' id='word_1_390' title='bbox 467 2419 572 2461; x_wconf 83' lang='lat' dir='ltr'><strong><em>VIII,</em></strong></span> <span class='ocrx_word' id='word_1_391' title='bbox 598 2430 631 2454; x_wconf 88' lang='lat' dir='ltr'><em>n.</em></span> <span class='ocrx_word' id='word_1_392' title='bbox 656 2421 689 2459; x_wconf 82' lang='lat'><em>2,</em></span> <span class='ocrx_word' id='word_1_393' title='bbox 714 2422 745 2452; x_wconf 85' lang='lat' dir='ltr'><em>et</em></span> <span class='ocrx_word' id='word_1_394' title='bbox 769 2420 968 2461; x_wconf 80' lang='lat' dir='ltr'><em>sequentia:</em></span> <span class='ocrx_word' id='word_1_395' title='bbox 1002 2421 1038 2452; x_wconf 88' lang='lat' dir='ltr'><em>et</em></span> <span class='ocrx_word' id='word_1_396' title='bbox 1069 2418 1139 2451; x_wconf 85' lang='lat' dir='ltr'><em>alia</em></span> <span class='ocrx_word' id='word_1_397' title='bbox 1163 2418 1278 2451; x_wconf 84' lang='lat' dir='ltr'><em>multa</em></span> <span class='ocrx_word' id='word_1_398' title='bbox 1303 2418 1340 2451; x_wconf 89' lang='lat' dir='ltr'><em>in</em></span> <span class='ocrx_word' id='word_1_399' title='bbox 1366 2417 1493 2452; x_wconf 88' lang='lat' dir='ltr'><em>eodem</em></span> <span class='ocrx_word' id='word_1_400' title='bbox 1517 2417 1702 2451; x_wconf 81' lang='lat' dir='ltr'><em>volumine</em></span> 
     </span>
     <span class='ocr_line' id='line_1_41' title="bbox 215 2464 1702 2508; baseline -0.001 -10"><span class='ocrx_word' id='word_1_401' title='bbox 215 2468 361 2508; x_wconf 85' lang='lat' dir='ltr'><em>reperta</em></span> <span class='ocrx_word' id='word_1_402' title='bbox 386 2466 469 2498; x_wconf 88' lang='lat' dir='ltr'><em>sunt</em></span> <span class='ocrx_word' id='word_1_403' title='bbox 493 2464 599 2498; x_wconf 89' lang='lat' dir='ltr'><em>huius</em></span> <span class='ocrx_word' id='word_1_404' title='bbox 624 2465 695 2499; x_wconf 87' lang='lat' dir='ltr'><em>loci</em></span> <span class='ocrx_word' id='word_1_405' title='bbox 720 2465 945 2498; x_wconf 88' lang='lat' dir='ltr'><em>monimenta</em></span> <span class='ocrx_word' id='word_1_406' title='bbox 976 2469 1032 2499; x_wconf 86' lang='lat' dir='ltr'><em>etc.</em></span> <span class='ocrx_word' id='word_1_407' title='bbox 1045 2475 1060 2505; x_wconf 71' lang='lat'><em>‚‘</em></span> <span class='ocrx_word' id='word_1_408' title='bbox 1092 2476 1118 2499; x_wconf 88' lang='lat' dir='ltr'><em>c.</em></span> <span class='ocrx_word' id='word_1_409' title='bbox 1146 2467 1208 2507; x_wconf 87' lang='grc'><em>32,</em></span> <span class='ocrx_word' id='word_1_410' title='bbox 1239 2476 1277 2507; x_wconf 82' lang='lat' dir='ltr'><em>p.</em></span> <span class='ocrx_word' id='word_1_411' title='bbox 1304 2467 1391 2500; x_wconf 75' lang='lat'>264:</span> <span class='ocrx_word' id='word_1_412' title='bbox 1426 2464 1590 2508; x_wconf 87' lang='lat' dir='ltr'><em>Denique</em></span> <span class='ocrx_word' id='word_1_413' title='bbox 1617 2475 1702 2507; x_wconf 86' lang='lat' dir='ltr'><em>quo·</em></span> 
     </span>
    </p>

    <p class='ocr_par' dir='ltr' id='par_1_11' title="bbox 155 2511 1702 2741">
     <span class='ocr_line' id='line_1_42' title="bbox 155 2511 1700 2555; baseline -0.001 -10"><span class='ocrx_word' id='word_1_414' title='bbox 155 2516 189 2541; x_wconf 81' lang='lat'><em>40</em></span> <span class='ocrx_word' id='word_1_415' title='bbox 215 2511 298 2545; x_wconf 89' lang='lat' dir='ltr'><em>dam</em></span> <span class='ocrx_word' id='word_1_416' title='bbox 325 2517 489 2555; x_wconf 86' lang='lat' dir='ltr'><em>tempore</em></span> <span class='ocrx_word' id='word_1_417' title='bbox 515 2512 580 2545; x_wconf 88' lang='lat' dir='ltr'><em>ivit</em></span> <span class='ocrx_word' id='word_1_418' title='bbox 605 2513 690 2554; x_wconf 77' lang='lat' dir='ltr'><em>(scil.</em></span> <span class='ocrx_word' id='word_1_419' title='bbox 720 2513 915 2553; x_wconf 68' lang='lat' dir='ltr'><em>Ger-vinus)</em></span> <span class='ocrx_word' id='word_1_420' title='bbox 942 2511 1159 2545; x_wconf 87' lang='lat' dir='ltr'><em>coenobium</em></span> <span class='ocrx_word' id='word_1_421' title='bbox 1186 2511 1366 2555; x_wconf 87' lang='lat' dir='ltr'><em>Gorziam,</em></span> <span class='ocrx_word' id='word_1_422' title='bbox 1393 2511 1489 2555; x_wconf 85' lang='lat' dir='ltr'><em>quod</em></span> <span class='ocrx_word' id='word_1_423' title='bbox 1515 2514 1568 2545; x_wconf 86' lang='lat' dir='ltr'><em>est</em></span> <span class='ocrx_word' id='word_1_424' title='bbox 1592 2511 1700 2544; x_wconf 85' lang='lat' dir='ltr'><em>situm</em></span> 
     </span>
     <span class='ocr_line' id='line_1_43' title="bbox 214 2557 1701 2602; baseline -0.001 -10"><span class='ocrx_word' id='word_1_425' title='bbox 214 2558 251 2592; x_wconf 90' lang='lat' dir='ltr'><em>in</em></span> <span class='ocrx_word' id='word_1_426' title='bbox 278 2558 435 2592; x_wconf 85' lang='lat' dir='ltr'><em>confinio</em></span> <span class='ocrx_word' id='word_1_427' title='bbox 462 2557 636 2592; x_wconf 83' lang='lat' dir='ltr'><em>Metensis</em></span> <span class='ocrx_word' id='word_1_428' title='bbox 662 2558 826 2600; x_wconf 85' lang='lat' dir='ltr'><em>civitatis,</em></span> <span class='ocrx_word' id='word_1_429' title='bbox 860 2557 923 2592; x_wconf 93' lang='lat' dir='ltr'><em>ubi</em></span> <span class='ocrx_word' id='word_1_430' title='bbox 957 2558 1143 2592; x_wconf 81' lang='lat' dir='ltr'><em>inventum</em></span> <span class='ocrx_word' id='word_1_431' title='bbox 1170 2557 1343 2602; x_wconf 81' lang='lat' dir='ltr'><em>codicem,</em></span> <span class='ocrx_word' id='word_1_432' title='bbox 1379 2559 1439 2601; x_wconf 85' lang='lat' dir='ltr'><em>qui</em></span> <span class='ocrx_word' id='word_1_433' title='bbox 1465 2558 1509 2592; x_wconf 89' lang='lat' dir='ltr'><em>de</em></span> <span class='ocrx_word' id='word_1_434' title='bbox 1541 2557 1701 2591; x_wconf 89' lang='lat' dir='ltr'><em>eiusdem</em></span> 
     </span>
     <span class='ocr_line' id='line_1_44' title="bbox 214 2604 1701 2650; baseline -0.001 -12"><span class='ocrx_word' id='word_1_435' title='bbox 214 2606 328 2639; x_wconf 84' lang='lat' dir='ltr'><em>sancti</em></span> <span class='ocrx_word' id='word_1_436' title='bbox 353 2605 422 2638; x_wconf 85' lang='lat' dir='ltr'><em>viri</em></span> <span class='ocrx_word' id='word_1_437' title='bbox 457 2605 681 2649; x_wconf 82' lang='lat' dir='ltr'><em>aliorumque</em></span> <span class='ocrx_word' id='word_1_438' title='bbox 715 2608 917 2638; x_wconf 83' lang='lat' dir='ltr'><em>nostratum</em></span> <span class='ocrx_word' id='word_1_439' title='bbox 951 2605 1124 2638; x_wconf 83' lang='lat' dir='ltr'><em>abbatum</em></span> <span class='ocrx_word' id='word_1_440' title='bbox 1149 2604 1259 2650; x_wconf 87' lang='lat' dir='ltr'><em>gestis</em></span> <span class='ocrx_word' id='word_1_441' title='bbox 1285 2605 1405 2648; x_wconf 87' lang='lat' dir='ltr'><em>aliqua</em></span> <span class='ocrx_word' id='word_1_442' title='bbox 1429 2604 1621 2646; x_wconf 85' lang='lat' dir='ltr'><em>retinebat,</em></span> <span class='ocrx_word' id='word_1_443' title='bbox 1655 2604 1701 2638; x_wconf 91' lang='lat' dir='ltr'><em>ab</em></span> 
     </span>
     <span class='ocr_line' id='line_1_45' title="bbox 214 2651 1702 2695; baseline -0.001 -10"><span class='ocrx_word' id='word_1_444' title='bbox 214 2651 286 2685; x_wconf 84' lang='lat' dir='ltr'><em>illis</em></span> <span class='ocrx_word' id='word_1_445' title='bbox 324 2651 497 2686; x_wconf 84' lang='lat' dir='ltr'><em>fratribus</em></span> <span class='ocrx_word' id='word_1_446' title='bbox 534 2652 725 2695; x_wconf 83' lang='lat' dir='ltr'><em>mutuavit,</em></span> <span class='ocrx_word' id='word_1_447' title='bbox 764 2651 955 2686; x_wconf 86' lang='lat' dir='ltr'><em>Centulam</em></span> <span class='ocrx_word' id='word_1_448' title='bbox 993 2651 1133 2687; x_wconf 85' lang='lat' dir='ltr'><em>detulit.</em></span> <span class='ocrx_word' id='word_1_449' title='bbox 1183 2653 1226 2687; x_wconf 89' lang='lat' dir='ltr'><em>L.</em></span> <span class='ocrx_word' id='word_1_450' title='bbox 1253 2653 1330 2693; x_wconf 88' lang='lat' dir='ltr'><em>III,</em></span> <span class='ocrx_word' id='word_1_451' title='bbox 1363 2663 1389 2686; x_wconf 86' lang='lat' dir='ltr'><em>c.</em></span> <span class='ocrx_word' id='word_1_452' title='bbox 1417 2654 1449 2694; x_wconf 80' lang='lat'><em>5,</em></span> <span class='ocrx_word' id='word_1_453' title='bbox 1480 2664 1516 2695; x_wconf 83' lang='lat' dir='ltr'><em>p.</em></span> <span class='ocrx_word' id='word_1_454' title='bbox 1545 2654 1610 2687; x_wconf 87' lang='grc'><em>101</em></span> <span class='ocrx_word' id='word_1_455' title='bbox 1628 2661 1702 2694; x_wconf 78' lang='lat' dir='ltr'><em>sq..·</em></span> 
     </span>
     <span class='ocr_line' id='line_1_46' title="bbox 213 2697 1702 2741; baseline -0.002 -8"><span class='ocrx_word' id='word_1_456' title='bbox 213 2697 385 2733; x_wconf 86' lang='lat' dir='ltr'><em>Ribbodo</em></span> <span class='ocrx_word' id='word_1_457' title='bbox 419 2727 426 2735; x_wconf 95' lang='lat'><strong>.</strong></span> <span class='ocrx_word' id='word_1_458' title='bbox 447 2728 452 2734; x_wconf 95' lang='lat'>.</span> <span class='ocrx_word' id='word_1_459' title='bbox 474 2728 479 2733; x_wconf 96' lang='lat'>.</span> <span class='ocrx_word' id='word_1_460' title='bbox 517 2699 627 2732; x_wconf 85' lang='lat' dir='ltr'><em>abbas</em></span> <span class='ocrx_word' id='word_1_461' title='bbox 663 2727 669 2734; x_wconf 93' lang='lat'>.</span> <span class='ocrx_word' id='word_1_462' title='bbox 690 2727 697 2733; x_wconf 96' lang='lat'>.</span> <span class='ocrx_word' id='word_1_463' title='bbox 718 2727 725 2734; x_wconf 90' lang='lat'>.</span> <span class='ocrx_word' id='word_1_464' title='bbox 760 2698 895 2732; x_wconf 84' lang='lat' dir='ltr'><em>levavit</em></span> <span class='ocrx_word' id='word_1_465' title='bbox 920 2698 995 2731; x_wconf 91' lang='lat' dir='ltr'><em>eius</em></span> <span class='ocrx_word' id='word_1_466' title='bbox 1019 2699 1110 2740; x_wconf 78' lang='lat' dir='ltr'><em>(scil.</em></span> <span class='ocrx_word' id='word_1_467' title='bbox 1132 2700 1336 2741; x_wconf 72' lang='lat' dir='ltr'><em>Anqilbertz&#39;</em></span> <span class='ocrx_word' id='word_1_468' title='bbox 1358 2699 1512 2740; x_wconf 86' lang='lat' dir='ltr'><em>abbatis)</em></span> <span class='ocrx_word' id='word_1_469' title='bbox 1538 2697 1702 2731; x_wconf 84' lang='lat' dir='ltr'><em>membra</em></span> 
     </span>
    </p>

    <p class='ocr_par' dir='ltr' id='par_1_12' title="bbox 154 2744 1701 2931">
     <span class='ocr_line' id='line_1_47' title="bbox 154 2744 1701 2780; baseline -0.001 -1"><span class='ocrx_word' id='word_1_470' title='bbox 154 2749 190 2775; x_wconf 76' lang='lat'><em>45</em></span> <span class='ocrx_word' id='word_1_471' title='bbox 213 2748 339 2780; x_wconf 86' lang='lat' dir='ltr'><em>sancta</em></span> <span class='ocrx_word' id='word_1_472' title='bbox 373 2748 410 2780; x_wconf 91' lang='lat' dir='ltr'><em>et</em></span> <span class='ocrx_word' id='word_1_473' title='bbox 442 2745 627 2779; x_wconf 82' lang='lat' dir='ltr'><em>transtulit</em></span> <span class='ocrx_word' id='word_1_474' title='bbox 661 2756 704 2779; x_wconf 85' lang='lat' dir='ltr'><em>ea</em></span> <span class='ocrx_word' id='word_1_475' title='bbox 736 2744 832 2779; x_wconf 88' lang='lat' dir='ltr'><em>intra</em></span> <span class='ocrx_word' id='word_1_476' title='bbox 865 2744 1052 2779; x_wconf 86' lang='lat' dir='ltr'><em>basilicam</em></span> <span class='ocrx_word' id='word_1_477' title='bbox 1085 2746 1199 2779; x_wconf 86' lang='lat' dir='ltr'><em>sanct-i</em></span> <span class='ocrx_word' id='word_1_478' title='bbox 1231 2745 1394 2779; x_wconf 87' lang='lat' dir='ltr'><em>Richarii</em></span> <span class='ocrx_word' id='word_1_479' title='bbox 1424 2745 1482 2779; x_wconf 84' lang='lat' dir='ltr'><em>die</em></span> <span class='ocrx_word' id='word_1_480' title='bbox 1512 2744 1701 2778; x_wconf 82' lang='lat' dir='ltr'><em>Nonarum</em></span> 
     </span>
     <span class='ocr_line' id='line_1_48' title="bbox 213 2791 1699 2836; baseline -0.001 -10"><span class='ocrx_word' id='word_1_481' title='bbox 213 2791 488 2827; x_wconf 83' lang='lat' dir='ltr'><em>Novembrium.</em></span> <span class='ocrx_word' id='word_1_482' title='bbox 548 2792 793 2836; x_wconf 84' lang='lat' dir='ltr'><em>Requieverat</em></span> <span class='ocrx_word' id='word_1_483' title='bbox 829 2792 866 2825; x_wconf 90' lang='lat' dir='ltr'><em>in</em></span> <span class='ocrx_word' id='word_1_484' title='bbox 901 2791 980 2825; x_wconf 92' lang='lat' dir='ltr'><em>loco</em></span> <span class='ocrx_word' id='word_1_485' title='bbox 1013 2791 1127 2836; x_wconf 85' lang='lat' dir='ltr'><em>priori</em></span> <span class='ocrx_word' id='word_1_486' title='bbox 1161 2793 1262 2826; x_wconf 86' lang='lat' dir='ltr'><em>annis</em></span> <span class='ocrx_word' id='word_1_487' title='bbox 1296 2791 1471 2826; x_wconf 83' lang='lat' dir='ltr'>XXVIII</span> <span class='ocrx_word' id='word_1_488' title='bbox 1506 2795 1542 2825; x_wconf 90' lang='lat' dir='ltr'><em>et</em></span> <span class='ocrx_word' id='word_1_489' title='bbox 1578 2795 1699 2824; x_wconf 84' lang='lat' dir='ltr'><em>tamen</em></span> 
     </span>
     <span class='ocr_line' id='line_1_49' title="bbox 213 2838 1698 2884; baseline -0.001 -11"><span class='ocrx_word' id='word_1_490' title='bbox 213 2838 292 2873; x_wconf 92' lang='lat' dir='ltr'><em>Deo</em></span> <span class='ocrx_word' id='word_1_491' title='bbox 317 2839 486 2882; x_wconf 80' lang='lat' dir='ltr'><em>faciente,</em></span> <span class='ocrx_word' id='word_1_492' title='bbox 521 2840 581 2883; x_wconf 86' lang='lat' dir='ltr'><em>qui</em></span> <span class='ocrx_word' id='word_1_493' title='bbox 607 2839 700 2873; x_wconf 85' lang='lat' dir='ltr'><em>servi</em></span> <span class='ocrx_word' id='word_1_494' title='bbox 728 2839 782 2872; x_wconf 88' lang='lat' dir='ltr'><em>sui</em></span> <span class='ocrx_word' id='word_1_495' title='bbox 806 2838 976 2873; x_wconf 84' lang='lat' dir='ltr'><em>meritum</em></span> <span class='ocrx_word' id='word_1_496' title='bbox 1002 2838 1226 2882; x_wconf 86' lang='lat' dir='ltr'><em>ostendebat,</em></span> <span class='ocrx_word' id='word_1_497' title='bbox 1262 2839 1314 2873; x_wconf 85' lang='lat' dir='ltr'><em>ita</em></span> <span class='ocrx_word' id='word_1_498' title='bbox 1348 2839 1531 2884; x_wconf 82' lang='lat' dir='ltr'><em>integrum</em></span> <span class='ocrx_word' id='word_1_499' title='bbox 1557 2841 1594 2872; x_wconf 88' lang='lat' dir='ltr'><em>et</em></span> <span class='ocrx_word' id='word_1_500' title='bbox 1620 2838 1698 2871; x_wconf 83' lang='lat' dir='ltr'><em>abs-</em></span> 
     </span>
     <span class='ocr_line' id='line_1_50' title="bbox 215 2884 1699 2931; baseline -0.001 -11"><span class='ocrx_word' id='word_1_501' title='bbox 215 2896 284 2929; x_wconf 90' lang='lat' dir='ltr'><em>que</em></span> <span class='ocrx_word' id='word_1_502' title='bbox 309 2887 516 2931; x_wconf 84' lang='lat' dir='ltr'><em>corruptela</em></span> <span class='ocrx_word' id='word_1_503' title='bbox 540 2888 705 2921; x_wconf 85' lang='lat' dir='ltr'><em>sanctum</em></span> <span class='ocrx_word' id='word_1_504' title='bbox 723 2885 799 2920; x_wconf 87' lang='lat' dir='ltr'><em>eius</em></span> <span class='ocrx_word' id='word_1_505' title='bbox 817 2896 947 2929; x_wconf 86' lang='lat' dir='ltr'><em>corpus</em></span> <span class='ocrx_word' id='word_1_506' title='bbox 972 2885 1159 2919; x_wconf 88' lang='lat' dir='ltr'><em>inventum</em></span> <span class='ocrx_word' id='word_1_507' title='bbox 1184 2889 1249 2929; x_wconf 85' lang='lat' dir='ltr'><em>est,</em></span> <span class='ocrx_word' id='word_1_508' title='bbox 1275 2897 1316 2920; x_wconf 86' lang='lat' dir='ltr'><em>ae</em></span> <span class='ocrx_word' id='word_1_509' title='bbox 1342 2885 1372 2919; x_wconf 88' lang='lat' dir='ltr'><em>si</em></span> <span class='ocrx_word' id='word_1_510' title='bbox 1397 2897 1440 2920; x_wconf 88' lang='lat' dir='ltr'><em>ea</em></span> <span class='ocrx_word' id='word_1_511' title='bbox 1464 2885 1555 2920; x_wconf 87' lang='lat' dir='ltr'><em>hora</em></span> <span class='ocrx_word' id='word_1_512' title='bbox 1580 2884 1699 2918; x_wconf 89' lang='lat' dir='ltr'><em>anima</em></span> 
     </span>
    </p>
   </div>
  </div>
 </body>
</html>
