2125 3234
490 272 746 308 NITHARDI
771 272 1132 309 HISTORIARUM
1157 273 1310 308 LIBER
1335 273 1402 310 IV.
1638 275 1682 310 49

211 393 416 446 sumpsit.
468 393 660 447 Accepit
685 393 867 446 quidem
890 393 1100 443 Karolus,
1133 394 1203 434 uti
1235 394 1491 447 praefatum
1524 395 1604 442 est,
1636 394 1683 434 in
1697 399 1777 433 842.

175 450 178 453 ’
211 451 422 504 coniugio
463 450 837 493 Hirmentrudem
871 451 1102 492 Uodonis¹
1145 454 1190 493 et
1221 451 1504 504 Ing-eltrudis
1545 451 1683 492 filiam

76 522 194 552 *aava
210 511 256 550 et
291 511 504 562 neptema
542 509 773 551 Adelardi.
836 510 1072 551 Dilexerat
1113 512 1265 551 autem
1298 508 1444 563 'pater
1475 509 1570 550 eius
1606 523 1685 550 suo

209 567 257 607 in
277 569 481 621 tempore
504 568 624 609 hunc
651 568 930 609 Adelardum
957 568 1082 617 adeo,
1113 565 1190 621 [ut,
1214 563 1379 620 quodb]
1402 568 1522 609 idem
1548 567 1688 608 vellet

167 638 183 662 5
209 626 257 666 in
298 626 507 667 universo
547 627 749 680 imperio,
791 627 876 667 hoc
918 629 1048 680 pater
1087 626 1273 667 faceret.
1336 624 1425 675 Qui
1461 625 1681 666 utilitati⁰

211 681 453 737 publicaed
506 685 654 725 minus
706 685 982 739 prospiciens
1034 684 1212 738 placere
1261 684 1422 737 cuique
1472 684 1686 725 intendit.

212 742 333 783 Hinc
374 742 622 791 libertates,
667 744 772 784 hinc
815 743 997 797 publica
1037 743 1084 783 in
1117 743 1311 796 propriis
1353 742 1508 783 usibus
1542 742 1687 782 distri-

211 800 349 841 buere
390 801 533 841 suasit
573 814 637 849 ac,
681 802 786 842 dum
830 802 950 854 quod
993 801 1158 854 quique
1203 800 1402 854 petebat,
1451 803 1503 841 ut
1544 801 1686 849 fieret,

212 858 377 907 effecit,
410 872 504 900 rem
537 859 766 913 publicam
800 860 980 913 penitus
1014 859 1315 900 annullavitss.
1374 858 1473 909 Quo
1506 859 1687 912 quidem

153 930 186 954 10
211 917 344 958 modo
377 917 591 958 effectum
624 920 705 965 est,
747 920 800 958 ut
839 918 887 957 in
920 919 1004 959 hac
1037 919 1309 972 tempestate
1348 917 1568 971 populum
1600 930 1688 970 qua

211 975 350 1016 vellet
375 975 510 1017 facile
534 976 767 1018 devertere
801 978 965 1029 posset,
999 978 1045 1017 et
1077 977 1161 1017 hac
1188 975 1244 1017 de
1269 989 1316 1016 re
1341 975 1538 1016 Karolus
1566 989 1688 1029 prae-

210 1029 359 1074 fatasf
389 1035 574 1088 nuptias
606 1035 798 1076 maxime
830 1035 948 1083 iniit,
982 1034 1088 1088 quia
1115 1047 1216 1075 cum
1240 1047 1291 1075 eo
1319 1034 1559 1074 maximam
1592 1047 1688 1087 par-

210 1094 304 1133 tem
337 1092 482 1146 plebis
515 1093 601 1134 sibi
630 1093 860 1134 vindicare
893 1106 1023 1147 posse
1056 1093 1248 1147 putavit.
1296 1092 1483 1146 Nuptiis
1505 1092 1686 1145 quidem

211 1150 418 1190 XVIIII.
466 1151 569 1191 Kal.
616 1151 852 1192 Ianuarii2
903 1151 1093 1205 expletis
1145 1151 1345 1192 natalem
1394 1150 1579 1192 Domini
1630 1150 1686 1191 ad
1702 1147 1822 1209 ssssssjssjssj

154 1223 186 1248 15
212 1208 428 1249 Sanctum
448 1208 718 1259 Quintinum
743 1210 917 1251 celebre
941 1210 1128 1263 peregit,
1148 1209 1444 1250 Valentianas
1459 1209 1474 1233 ³
1496 1221 1686 1262 quoque,

211 1267 288 1320 qui
329 1267 384 1308 de
426 1267 637 1308 fidelibus
678 1268 770 1308 suis
811 1268 932 1309 inter
963 1268 1135 1309 Mosam
1170 1268 1512 1321 Sequanamque
1553 1281 1689 1308 causa

211 1326 415 1366 custodie
457 1339 688 1367 remanere
730 1326 962 1374 deberent,
1005 1326 1255 1374 ordinavit;
1298 1326 1418 1367 idem
1449 1339 1555 1367 vero
1592 1339 1688 1379 par·

210 1384 334 1425 tibus
360 1384 634 1438 Aquitaniae
666 1398 758 1425 una
789 1381 948 1437 [cumg]
984 1385 1174 1438 coniuge
1207 1397 1325 1425 anno
1350 1383 1781 1425 DCCCXLIII.843.

210 1442 536 1484 incarnationis
569 1443 753 1484 Domini
785 1444 831 1483 in
864 1443 1012 1484 hieme
1044 1443 1132 1484 iter
1164 1443 1341 1484 direxit.
1395 1442 1502 1482 Fuit
1534 1445 1688 1483 autem

153 1516 186 1540 20
212 1501 365 1542 eadem
399 1501 574 1555 hiemps
606 1501 884 1555 praefrigida
914 1501 1048 1542 nimis
1081 1515 1132 1542 ac
1162 1501 1391 1549 diuturna,
1424 1501 1688 1554 langoribus
1736 1518 1746 1525 ·

211 1560 396 1613 insuper
436 1560 708 1601 habundans
747 1573 830 1601 nec
864 1573 953 1601 non
993 1562 1039 1601 et
1080 1560 1386 1614 agriculturae
1422 1559 1688 1613 peccorique

212 1618 462 1672 apibusque
494 1619 604 1659 satis
636 1619 899 1672 incongrua.

356 1703 394 1740 7.
448 1700 535 1741 Hic
578 1701 743 1754 quique
785 1700 991 1752 colligat,
1035 1713 1123 1753 qua
1165 1700 1395 1741 dementia
1440 1699 1688 1741 utilitatem

212 1758 439 1813 publicam
474 1759 702 1813 neglegat,
743 1759 932 1813 privatis
965 1772 1015 1800 ac
1048 1759 1241 1813 propriis
1273 1758 1588 1800 voluntatibus
1628 1758 1690 1798 in·

153 1832 187 1856 25
212 1812 406 1866 saniath,
449 1817 555 1858 dum
600 1831 653 1858 ex
695 1818 900 1871 utrisque
942 1819 1191 1858 creatorem
1228 1817 1341 1859 adeo
1379 1817 1596 1866 offendat,
1638 1818 1691 1856 ut

213 1876 351 1917 etiam
392 1876 544 1917 omnia
585 1876 811 1917 elementa
852 1875 948 1916 eius
989 1876 1199 1917 vesaniae
1241 1875 1469 1917 contraria
1513 1850 1690 1916 reddat.

213 1933 434 1988 Quodque
481 1935 796 1976 huiuscemodi
848 1934 1064 1988 exemplis
1116 1947 1231 1988 pene
1284 1934 1434 1975 adhuc
1482 1933 1691 1975 omnibus

213 1994 333 2034 notis
371 1993 616 2047 praefacile
654 1993 930 2046 probaturus
972 1993 1198 2034 accedam.
1260 1992 1377 2033 Nam
1410 1992 1692 2046 temporibus

213 2047 354 2093 bone¹
394 2052 721 2092 recordationis
743 2052 901 2105 Magni
924 2051 1096 2100 Karoli,
1130 2052 1207 2104 qui
1240 2051 1423 2092 evoluto
1455 2051 1545 2092 iam
1577 2063 1692 2104 pene

155 2126 188 2150 30
214 2124 333 2151 anno
356 2110 503 2151 XXX.
527 2110 734 2158 decessit,
762 2111 975 2177 quoniam
999 2110 1073 2150 hic
1101 2109 1296 2164 populus
1323 2123 1459 2149 unam
1488 2109 1692 2150 eandem-

214 2182 300 2222 que
325 2171 496 2210 rectam
520 2182 571 2210 ac
598 2181 677 2222 per
699 2169 784 2210 hoc
806 2169 924 2209 viam
950 2169 1135 2209 Domini
1157 2168 1387 2222 publicam
1408 2167 1650 2209 incedebat
1663 2167 1691 2216 4,

214 2241 301 2281 pax
332 2227 424 2268 illis
457 2229 593 2281 atque
627 2227 868 2268 concordia
900 2227 1067 2280 ubique
1100 2230 1210 2275 erat,
1255 2229 1303 2267 at
1340 2239 1461 2267 nunc
1495 2227 1692 2274 econtra,

215 2286 424 2339 quoniam
454 2287 621 2339 quique
649 2286 856 2327 semitam
885 2299 1019 2339 quam
1047 2286 1174 2339 cupit
1200 2285 1385 2334 incedit,
1414 2285 1584 2337 ubique
1611 2284 1693 2325 dis-

216 2423 243 2456 a)
263 2427 379 2454 neptam
399 2430 421 2449 c.
504 2423 533 2454 b)
554 2425 586 2448 ut
605 2423 683 2453 quod
702 2430 755 2450 om.
774 2431 797 2451 c,
881 2424 907 2454 c)
927 2423 1055 2448 utilitate
1075 2430 1097 2448 c.
1184 2421 1214 2455 d)
1234 2430 1272 2454 pu
1255 2423 1332 2447 ublic
1312 2429 1384 2483 ἰεγέοο
1478 2422 1504 2454 e)
1524 2429 1562 2447 an
1581 2429 1619 2446 nu
1601 2422 1695 2481 uLlav
1686 2426 1696 2446 t

157 2455 190 2480 35
214 2465 290 2483 corr.
316 2465 355 2483 an
381 2458 517 2483 nullavit.
597 2459 619 2489 t)
638 2459 738 2490 pratus
756 2466 779 2483 c.
861 2459 888 2489 g)
909 2465 975 2483 cum
995 2465 1048 2484 om.
1070 2466 1092 2482 c.
1173 2457 1233 2488 h)i
1440 2458 1484 2482 isn
1504 2465 1548 2482 rw
1541 2458 1582 2482 iat
1606 2464 1664 2482 eme

215 2494 342 2518 (landum
361 2499 418 2518 esse
438 2500 533 2518 censeo
560 2493 591 2520 0.
614 2493 715 2520 Η.-Ε,
791 2494 810 2523 ἰ)
830 2493 904 2518 bene
923 2501 946 2518 ε.

217 2611 252 2656 1)
280 2611 332 2653 Cf.
358 2622 472 2654 supra
501 2623 540 2655 p.
564 2613 596 2653 7,
622 2623 656 2646 nv.
683 2613 715 2646 4.
834 2613 868 2654 2)
895 2611 1007 2645 Immo
1031 2612 1158 2645 Idibus
1182 2612 1383 2651 Decembr.,·
1417 2613 1462 2653 cf.
1488 2613 1595 2647 Paetz
1621 2614 1643 2648 l.
1669 2625 1695 2649 c.

212 2670 248 2703 p.
267 2660 332 2701 353
359 2659 479 2700 Meyer
495 2668 560 2691 von
579 2659 736 2691 Knonau
753 2659 775 2693 l.
794 2669 819 2693 c.
843 2670 879 2702 p.
900 2661 978 2701 110,
997 2670 1030 2693 n.
1051 2661 1139 2702 2963
1165 2659 1349 2692 Dae‘immler
1367 2659 1387 2694 l.
1407 2669 1434 2693 c.
1456 2671 1493 2702 p.
1514 2661 1593 2702 187,
1611 2672 1644 2695 n.
1664 2662 1696 2695 6.

216 2706 253 2744 3)
283 2705 356 2745 Quo
391 2706 461 2738 loco
490 2706 672 2738 Kar-olum
709 2716 740 2740 α.
767 2707 847 2741 843.
874 2706 954 2740 Ian.
983 2708 1036 2740 13.
1073 2707 1185 2747 fuisse
1217 2706 1384 2748 diploma,
1422 2706 1586 2749 Βὸἤνηεν,
1612 2707 1698 2750 Req.

156 2764 192 2788 40
216 2752 344 2786 Karoz.
370 2763 426 2787 nr.
448 2754 549 2794 1537,
576 2756 734 2787 testatur.
832 2753 867 2797 4)
892 2752 976 2785 Osea
1005 2754 1059 2794 14,
1082 2754 1145 2787 1οε
1172 2752 1256 2795 quia
1280 2755 1400 2786 rectae
1426 2752 1505 2787 viae
1530 2752 1697 2796 Domini;

217 2798 344 2833 Ezech.
370 2801 427 2841 33,
453 2801 518 2834 20:
554 2798 635 2832 Non
672 2802 723 2832 est
757 2801 856 2833 recta
887 2799 945 2832 via
974 2798 1141 2842 Domini3
1176 2801 1251 2834 Act.
1280 2802 1335 2840 13,
1357 2801 1420 2835 10:
1455 2810 1528 2833 non
1566 2800 1698 2835 desinis

217 2845 427 2879 subvertere
461 2845 536 2879 vias
569 2845 716 2879 Domini
750 2848 885 2888 rectas3
920 2848 953 2881 2.
980 2846 1062 2888 Rey.
1090 2848 1146 2887 15,
1168 2848 1233 2881 23:
1270 2849 1420 2880 cunctus
1455 2847 1610 2891 populus
1646 2849 1698 2881 in-

217 2891 370 2926 cedebat
395 2895 521 2926 contra
545 2893 651 2928 viam.

288 2963 413 2988 Nithard
418 2984 423 2990 .
1416 2966 1439 3000 4
