2125 3234
729 285 1032 324 PRAEFATIO.
1547 286 1604 323 XI

121 409 372 451 branaeeus.
414 406 511 458 folii
550 405 745 450 minoris.
790 410 843 447 46
885 406 1103 458 fol-iorum,
1147 419 1252 458 quae
1294 420 1338 447 in
1383 407 1505 449 binas
1547 421 1605 449 eo-

121 467 289 508 lumnas
319 469 374 506 33
405 464 615 507 linearum
647 464 785 506 duisa
821 469 929 508 sunt.
972 463 1181 506 Nitliardi
1210 464 1431 506 Historias
1471 465 1544 515 fol.
1582 470 1601 507 1

125 528 250 565 —18.
283 524 559 587 occupantes1
591 527 627 564 et
658 522 896 564 Flodoar‘di
924 521 1144 564 Remensis
1165 522 1359 564 Annales
1390 523 1607 564 continens

121 582 169 624 in
198 581 452 624 monasterio
476 582 519 623 S.
543 580 748 623 Medardi
771 579 1062 622 Suessionensi
1083 584 1283 621 exaratus
1309 585 1367 622 est
1395 595 1422 621 a
1450 582 1607 622 duobus

73 658 92 683 5
120 640 283 692 scribis,
323 653 497 692 quorum
530 640 637 680 alter
675 652 780 680 saec.
817 638 874 679 X.
908 651 970 680 ex.
1005 638 1215 679 Natam-di
1254 652 1355 691 opus
1385 643 1424 680 et
1453 639 1608 681 Flodo-

123 698 222 741 ardi
243 697 437 739 Annales
467 710 595 749 usque
627 697 685 738 ad
704 709 864 738 annum
887 700 986 738 948.
1009 696 1188 749 scripsit,
1222 697 1330 738 alter
1349 697 1423 748 fol.
1448 701 1501 738 39
1519 710 1605 750 sqq.

121 770 226 798 saec.
262 755 352 797 XI.
384 755 467 797 inc.
501 755 548 796 F
546 754 739 797 lodoardi
778 758 931 796 textum
968 756 1027 796 ad
1054 755 1182 806 finem
1214 755 1418 807 perduxit
1434 756 1461 795 ².
1526 756 1610 797 Sed

123 813 333 856 Nithardi
371 814 496 855 verba
536 813 676 855 scriba
718 813 761 854 S.
799 812 1005 855 Meam-di
1044 813 1273 855 nwnachus
1312 827 1397 855 non
1438 813 1608 855 omnino

121 873 289 926 inteyra
320 871 524 914 tradidit:
555 884 655 913 nam
687 871 803 912 haud
831 871 954 913 dubie
985 871 1165 913 historia
1197 871 1492 913 translationis
1524 885 1607 913 cor-

64 943 98 969 10
112 944 267 984 porum
299 934 355 971 tot
385 929 567 971 eiusdem
607 928 854 971 monasterii
894 934 1132 971 sanctoruni
1147 930 1162 953 ³
1194 931 1245 971 ab
1278 943 1323 971 eo
1354 930 1607 982 interpolata

122 993 197 1041 est,
237 1002 412 1041 quorum
442 1001 661 1029 numerum
692 1001 798 1029 saec.
833 987 921 1028 XI.
955 988 1067 1029 alins
1097 987 1306 1038 falsarius
1336 988 1385 1029 in
1415 987 1608 1041 maraine

122 1047 326 1099 adauxit:
357 1060 440 1100 qua
472 1047 521 1088 de
552 1060 597 1087 re
628 1059 722 1087 moa
752 1045 800 1087 in
824 1045 895 1087 ίΝ.
918 1046 1093 1087 Archir'
1114 1045 1312 1099 pluribus
1343 1046 1478 1087 verbis
1502 1046 1609 1087 mihi

122 1107 330 1159 agendum
361 1109 421 1147 est
434 1105 463 1145 4.

266 1163 383 1206 Saee.
419 1163 524 1204 XV.
558 1163 640 1205 inc.
674 1164 798 1204 codex
838 1163 954 1214 apud
985 1162 1029 1205 S.
1062 1163 1326 1215 Maylorium
1358 1162 1610 1205 Parisinmn

64 1238 99 1264 15
123 1221 454 1273 adservabatur;
494 1225 591 1263 tune
622 1221 732 1262 enim
773 1220 1066 1273 transscripsit
1104 1235 1195 1262 eum
1227 1221 1400 1273 qnidam
1431 1221 1611 1272 fortasse

125 1281 168 1322 S.
203 1279 383 1322 Victoris
414 1279 613 1320 Parisini'
653 1278 892 1329 monachus,
933 1279 1005 1331 qui.
1044 1279 1156 1320 inter
1188 1279 1397 1321 Nithardi
1438 1293 1541 1334 opus
1575 1284 1612 1321 et

124 1337 363 1380 Flodoardi
399 1337 593 1379 Annales
633 1337 734 1379 haec
773 1336 899 1378 verba
939 1337 1131 1389 scripsit:
1176 1338 1281 1379 Non
1321 1338 1424 1392 plus
1464 1339 1611 1392 reperi

125 1398 181 1439 de
212 1398 302 1438 ista
333 1397 527 1442 cronica.
569 1410 704 1450 quam
746 1396 888 1436 habui
926 1396 982 1437 de
1022 1397 1297 1438 monasterio
1331 1397 1489 1438 Sancti
1521 1397 1612 1437 Ma-

126 1455 262 1511 glorii
283 1455 563 1502 Parisiensis,
598 1468 685 1508 que
718 1454 889 1495 ibidem
920 1456 1147 1508 reperibur
1179 1456 1349 1509 scripta
1372 1456 1427 1496 de
1455 1455 1613 1496 lihtera

65 1535 102 1560 20
125 1514 447 1562 vetustissima,
487 1514 615 1555 cuius
649 1516 822 1559 auctor
866 1516 918 1553 ut
951 1513 1165 1561 credibur
1199 1514 1297 1554 fuit
1324 1514 1612 1554 Frodoardus

126 1572 351 1627 presbiter
381 1572 618 1613 Remensis
652 1572 854 1617 ecclesie
888 1574 942 1612 ut
974 1572 1278 1613 coniecturari
1311 1574 1462 1625 potesb
1495 1572 1614 1613 circa

127 1632 264 1672 finem
297 1631 433 1671 huius
467 1631 659 1677 cronice
694 1630 751 1670 ad
783 1630 877 1670 tale
911 1630 1090 1683 signum
1126 1661 1134 1669 .
1171 1664 1177 1670 .
1215 1663 1222 1671 .

275 1688 465 1730 Codwem
488 1701 594 1729 saec.
621 1687 754 1728 XVI.
779 1701 841 1728 ex.
865 1687 981 1729 Jean
1003 1689 1051 1729 (ἵε
1074 1687 1214 1729 Saint-
1216 1688 1366 1729 Andri
1388 1701 1615 1730 eanonicus

117 1746 371 1800 possidebat.
419 1759 525 1788 saec.
567 1746 732 1787 XVII.
770 1745 851 1787 ine.
894 1745 1058 1787 Paulus
1099 1746 1299 1787 Petavius
1345 1746 1613 1799 acquisiiitss,

66 1881 102 1907 25
127 1874 170 1909 L.
205 1873 358 1915 Delisle,
397 1873 458 1905 ‘Le
494 1872 628 1905 cabinet
664 1872 722 1905 des
760 1873 976 1905 manuscrits
1012 1873 1054 1905 de
1091 1872 1126 1904 la
1163 1871 1389 1916 bibliotheque
1426 1873 1614 1905 nationale'

126 1922 183 1962 (in
208 1920 382 1953 ‘Histoire
405 1918 570 1962 quatrale
593 1920 634 1953 de
659 1919 809 1960 Paris'),
836 1919 904 1951 III
925 1919 1059 1962 (1881),
1082 1931 1119 1962 p.
1137 1921 1208 1955 265
1225 1929 1276 1962 sq.
1290 1935 1300 1961 ,·
1325 1921 1369 1954 A.
1393 1918 1511 1960 Gaste',
1539 1920 1617 1952 ‘Les

126 1971 296 2000 sei-ments
319 1967 360 2000 de
385 1967 631 2008 Sti-asboury’,
656 1967 706 2001 ed.
732 1968 754 2000 2
777 1965 912 2009 (1888),
936 1977 972 2009 p.
999 1968 1022 2000 8
1038 1976 1112 2009 sq.,-
1136 1977 1164 2001 v.
1190 1968 1295 1999 etiam
1321 1967 1372 2001 W,
1399 1966 1553 2008 A(rrwlt)
1579 1969 1614 1999 in

128 2013 234 2049 ‘Hi-st.
261 2013 445 2047 Zeitschr!
472 2013 612 2046 XXXI
633 2013 770 2055 (1874),
801 2024 836 2056 p.
862 2013 952 2055 220;
987 2012 1035 2046 H.
1062 2012 1231 2046 Bresslau
1259 2013 1356 2055 apud
1383 2013 1424 2048 G.
1454 2013 1616 2054 Groeber,

128 2061 347 2093 ‘Gonndriss
365 2061 429 2092 der
446 2060 596 2092 Roman.
614 2059 766 2100 Philolff,
791 2061 826 2094 2.
851 2059 913 2100 ed„
941 2059 966 2091 I
990 2061 1127 2102 (1904),
1150 2070 1188 2102 p.
1206 2061 1287 2094 221.
1387 2060 1420 2101 1)
1448 2060 1545 2093 Folii
1562 2061 1615 2094 18.

67 2115 104 2140 30
128 2110 289 2141 extrema
314 2106 490 2139 Nithardi
522 2107 627 2139 verba
652 2107 858 2138 continentis
890 2107 1046 2146 inferior
1075 2117 1168 2149 pars
1192 2108 1309 2139 maior
1333 2108 1450 2139 meisa
1476 2110 1534 2147 est,
1569 2107 1616 2147 cf.

126 2164 242 2197 supra
269 2164 309 2196 p.
333 2153 404 2194 VI,
440 2163 477 2188 n.
506 2154 548 2196 8;
583 2155 760 2196 sequentia
794 2153 864 2185 duo
898 2153 1005 2185 huius
1035 2155 1133 2185 tertii
1159 2154 1404 2195 quaternionis
1437 2154 1529 2194 folia
1558 2154 1617 2186 de-

127 2205 211 2234 sunt
220 2211 232 2239 ,·
264 2200 462 2234 Flodoardi
495 2203 612 2233 textus
646 2200 710 2241 fol.
738 2201 804 2234 19¹.
835 2201 969 2242 incipit.
1067 2200 1104 2242 2)
1139 2199 1327 2242 Utriusque
1351 2210 1481 2232 manus
1504 2202 1619 2242 scrip-

128 2252 233 2281 turae
257 2247 414 2290 exempla
439 2247 534 2280 dedit
559 2246 625 2280 Ph.
651 2246 771 2279 Lauer
795 2247 817 2280 l.
845 2255 870 2280 c.
895 2249 974 2290 post
1005 2258 1040 2289 p.
1067 2246 1250 2287 LXVIII,
1278 2247 1320 2281 B.
1347 2247 1407 2288 fol.
1434 2248 1482 2281 20
1507 2251 1537 2279 et
1562 2249 1618 2281 43.

129 2296 166 2338 3)
195 2292 269 2329 Fol.
290 2294 357 2335 11‘,
385 2294 407 2328 l.
425 2293 500 2335 III,
526 2304 552 2327 c.
571 2294 605 2334 2,
631 2293 737 2334 infra
758 2303 795 2336 p.
815 2294 873 2332 30,
900 2303 935 2328 n.
953 2293 986 2328 *.
1070 2294 1106 2336 4)
1128 2294 1217 2326 Alia
1236 2294 1410 2326 nonnulla
1428 2294 1532 2326 verba
1550 2304 1619 2327 non

68 2348 106 2374 35
124 2352 192 2384 per
208 2340 431 2374 Nithardum
456 2341 602 2382 scripta,
630 2340 689 2373 secl
709 2350 776 2383 per
801 2340 954 2373 scribam
979 2340 1142 2373 ridentur
1158 2350 1227 2373 esse
1252 2341 1389 2381 addita,
1416 2341 1491 2373 vide
1515 2341 1620 2381 infra

124 2399 163 2431 p.
192 2390 224 2430 1,
259 2399 293 2422 n.
320 2398 354 2432 g,
386 2397 426 2430 p.
450 2388 509 2428 40,
535 2398 570 2422 n.
597 2397 628 2421 a.
742 2388 777 2429 5)
802 2387 923 2420 Lauer
948 2387 970 2421 l.
997 2397 1024 2421 c.
1054 2398 1092 2430 p.
1120 2387 1297 2420 XXXVI
1316 2398 1366 2430 sq.
1489 2387 1523 2431 6)
1552 2388 1623 2428 Qui

130 2435 216 2477 folio
242 2435 272 2469 1.
298 2435 338 2466 in
362 2436 525 2476 mai-yine
551 2434 720 2475 inferiore
745 2443 867 2466 nomen
892 2432 1062 2466 Petavius
1087 2439 1118 2467 et
1141 2436 1180 2466 in
1205 2437 1386 2476 superiore
1406 2437 1512 2476 parte
1536 2435 1620 2467 dea:-

130 2485 210 2514 tera
227 2480 448 2514 bibliothecae
473 2483 613 2523 siqnum
640 2479 682 2524 Q.
702 2482 747 2515 50
772 2481 954 2523 inscripsit
965 2491 978 2519 ,·
1002 2482 1046 2521 cf.
1073 2482 1177 2513 etiam
1203 2482 1305 2522 infra
1326 2491 1364 2524 p.
1387 2482 1442 2522 17,
1460 2491 1494 2515 n.
1513 2491 1547 2525 g.
1574 2500 1621 2505 —

131 2529 411 2562 Annotationum
436 2529 551 2560 tea-tui
573 2537 659 2562 saec.
686 2527 789 2561 XVI.
815 2538 868 2562 ex.
895 2531 957 2559 aut
982 2527 1111 2562 XVII.
1137 2529 1202 2562 inc.
1229 2528 1369 2561 duabus
1393 2527 1557 2560 manibus
1582 2529 1621 2559 in

68 2583 108 2608 40
131 2574 357 2617 mai-yinibus
390 2574 443 2606 vel
475 2575 568 2606 inter
600 2575 712 2607 lineas
746 2574 955 2606 additarum
989 2584 1073 2607 num
1103 2574 1277 2617 quasdam
1303 2574 1430 2608 Petrus
1455 2574 1622 2607 Pithoeus

131 2622 325 2665 scripserit,
361 2621 496 2653 videtur
529 2630 599 2654 esse
631 2621 802 2661 dubium·
836 2621 883 2661 cf.
909 2621 1030 2654 Lauer
1061 2621 1082 2655 ἰ.
1108 2631 1135 2655 c.
1165 2632 1204 2664 p.
1231 2621 1347 2654 XXX
1353 2621 1405 2653 1⁷1
1414 2647 1422 2662 ,
1458 2632 1492 2655 n.
1521 2623 1561 2663 1;
1599 2631 1622 2653 a

132 2668 401 2712 quibuscumque
419 2671 536 2699 tamen
558 2668 711 2710 scriptae
727 2670 821 2709 sunt,
846 2668 984 2700 nullius
999 2669 1226 2701 auctoritatis
1249 2669 1391 2710 ideoque
1416 2670 1454 2700 in
1475 2668 1623 2701 editione

134 2715 341 2748 omittendae
366 2718 459 2748 sunt.
507 2713 560 2747 De
585 2714 647 2747 ilio
671 2716 733 2756 qui
757 2715 907 2747 lacunas
932 2716 972 2747 in
993 2715 1163 2748 divisione
1187 2716 1291 2757 reyni
1306 2715 1476 2748 Lotharii
1490 2715 1623 2747 descri-

135 2762 247 2795 benda
281 2761 419 2794 hiantes
452 2761 573 2801 (infra
601 2771 640 2803 p.
666 2762 724 2800 41,
750 2772 783 2795 n.
811 2761 848 2805 a)
881 2762 1081 2805 expleverit,
1115 2761 1291 2801 Pithoeus,
1326 2761 1458 2796 Annal.
1484 2765 1515 2794 et
1541 2761 1622 2795 hist.

71 2815 110 2840 45
134 2809 264 2843 Franc.
291 2807 354 2842 SS.
381 2811 486 2841 coaet.
510 2807 600 2847 XII,
625 2806 675 2841 ed.
702 2809 735 2848 2,
757 2819 794 2850 p.
812 2808 895 2848 478,
919 2809 1024 2841 dicit:
1053 2819 1204 2852 nuper
1238 2807 1487 2841 admodum
1521 2808 1620 2851 qui-

136 2855 237 2888 dam
271 2855 324 2888 sic
359 2853 526 2897 supplere
563 2852 736 2894 tentavit;
771 2853 820 2894 ef.
844 2855 949 2887 etiam
978 2866 1016 2898 p.
1043 2857 1100 2896 47,
1134 2865 1169 2890 n.
1197 2854 1229 2889 d.
1281 2854 1410 2888 Eodem
1445 2856 1516 2896 fere
1541 2859 1623 2888 tem-

131 2911 220 2945 pore
244 2902 388 2934 numeri
410 2901 506 2942 foliis
532 2901 706 2943 adscripti
729 2903 823 2934 sunt.
