2125 3234
210 981 244 1006 10

208 1272 241 1298 15

204 1577 239 1601 20

203 1869 238 1894 25

205 2455 238 2480 35

203 2742 238 2766 40

563 321 819 357 NITHARDI
844 322 1205 359 HISTORIARUM
1230 323 1384 358 LIBER
1409 324 1460 360 Π.
1709 328 1752 362 19

271 441 455 495 publice
487 441 683 483 utilitati
716 444 762 484 et
794 456 950 497 parere
982 443 1112 492 velle,
1146 443 1331 498 insuper
1362 444 1514 491 etiam,
1557 445 1594 485 si
1626 459 1750 499 opor·
1763 450 1846 484 841.

270 501 417 541 teret¹²
463 514 543 554 pro
580 513 634 542 ea
673 503 865 542 mortem
906 500 1070 549 subire,
1113 502 1298 543 minime
1340 501 1522 543 differre
1561 503 1749 544 fatetur.

271 557 447 608 Quibus
495 572 595 600 cum
643 559 846 613 undique
893 560 1010 600 vires
1057 560 1247 601 crevisse
1294 559 1569 609 viderentur,
1622 562 1751 602 remi-

270 616 498 658 niscentes
530 617 811 664 insidiarum,
854 631 964 671 quas
996 618 1252 658 Lodharius
1284 618 1565 671 temporibus
1606 620 1750 673 patris

271 675 341 715 sui
372 675 493 728 patri
525 677 571 716 et
604 675 774 717 Karolo
811 677 979 717 inferre
1021 676 1272 725 studuerat,
1316 690 1426 729 quas
1468 677 1605 718 etiam
1647 681 1749 731 post

271 732 445 773 obitum
478 734 622 787 patris
653 730 900 775 fratribusb
928 734 1020 775 suis
1053 734 1221 788 absque
1242 735 1441 776 remedio
1465 735 1672 777 struebat
1694 759 1750 764 —

269 791 570 832 occurrebant
600 792 787 846 insuper
818 795 1113 838 sacramenta,
1147 807 1262 846 quae
1293 796 1404 834 tunc
1437 807 1582 848 nuper
1621 794 1750 836 fefel-

269 848 387 890 lerat
420 872 489 899 —,
533 849 743 891 aiebant⁰
782 863 828 892 se
869 864 1044 892 omnem
1089 851 1316 892 iusticiam
1359 852 1416 892 ab
1459 865 1510 893 eo
1552 852 1750 894 libenter

270 908 484 961 consequi
514 908 646 955 velle,
681 909 759 950 sed
792 909 862 949 his
893 909 1070 950 inditiis
1102 909 1167 949 nil
1203 909 1308 950 boni
1351 907 1559 963 sperared
1597 925 1746 964 posse:

267 965 437 1007 idcirco
461 966 547 1007 sibi
568 967 770 1020 undique
793 967 1051 1008 consultum
1083 968 1240 1015 videri,
1271 971 1582 1022 equocumque
1615 971 1749 1010 modo

268 1027 433 1077 posset,
467 1025 524 1065 ad
558 1025 819 1066 condictum
852 1026 1071 1079 placitum
1103 1026 1256 1067 venire
1288 1026 1473 1067 minime
1496 1027 1701 1069 differret
1714 1024 1747 1074 f:

268 1083 429 1136 quodsi
468 1083 613 1124 frater
655 1097 783 1133 suus,
831 1085 900 1124 uti
941 1084 1254 1138 promiserat&
1303 1098 1587 1126 communem
1628 1085 1748 1126 utili-

267 1143 408 1183 tatem
453 1155 667 1195 quaerere
709 1156 760 1183 ac
802 1144 1003 1184 statuere
1044 1142 1206 1188 vellet,
1249 1144 1334 1184 hoc
1376 1143 1585 1184 omnibus
1627 1145 1748 1185 notis

267 1199 446 1253 placere
479 1203 537 1244 et,
571 1203 623 1240 ut
654 1203 891 1253 gratanter
922 1201 1213 1255 reciperetur,
1247 1215 1496 1255 congruum
1527 1215 1642 1250 esse;
1678 1203 1748 1243 sin

267 1257 413 1301 aliter,
446 1258 594 1299 fretus
626 1259 809 1299 iusticia
841 1272 891 1299 ac
925 1272 1005 1312 per
1036 1260 1122 1300 hoc
1155 1259 1324 1300 auxilio
1358 1260 1512 1301 divino
1549 1274 1748 1302 suorum-

266 1330 352 1369 que
385 1316 588 1358 fidelium
621 1319 679 1366 et,
714 1317 928 1370 quicquid
960 1318 1091 1370 regni
1122 1320 1252 1371 pater
1283 1331 1390 1358 suus
1423 1319 1748 1372 amborumque

266 1374 469 1415 fidelium
512 1388 733 1416 consensu
776 1375 848 1415 illi
895 1375 1105 1424 dederat,
1154 1375 1360 1417 obtinere
1408 1377 1532 1416 omni
1577 1377 1748 1418 virtute

265 1446 355 1474 non
387 1433 616 1487 neglegat.

407 1507 447 1543 6.
501 1504 620 1558 Ergo
653 1517 808 1545 omnes
831 1504 1098 1557 Aquitanos,
1133 1504 1211 1557 qui
1243 1517 1350 1545 suae
1373 1505 1493 1559 parti
1514 1505 1746 1549 favebant,

265 1575 357 1602 una
389 1576 491 1603 cum
523 1565 668 1604 matre
710 1564 812 1616 post
854 1576 899 1603 se
931 1563 1085 1604 venire
1126 1563 1371 1616 praecepit,
1414 1564 1612 1618 insuper,
1656 1565 1747 1617 qui-

265 1633 457 1674 cumque
490 1634 513 1662 e
547 1621 814 1675 Burgundia
844 1634 927 1662 nec
961 1616 1081 1662 nonh
1119 1623 1165 1662 et
1204 1622 1325 1662 inter
1357 1621 1564 1674 Ligerem
1598 1625 1643 1664 et
1677 1623 1747 1664 Se-

264 1692 459 1732 quanam
505 1679 575 1719 sui
621 1680 732 1720 iuris
779 1692 874 1720 esse
915 1679 1109 1725 vellent,
1159 1679 1369 1721 similiter
1414 1680 1539 1721 fecit.
1618 1681 1743 1722 Idem

264 1739 418 1778 autem
470 1737 566 1791 ipse
619 1751 710 1778 una
758 1751 857 1778 cum
908 1738 978 1778 his
1026 1738 1103 1791 qui
1150 1752 1230 1791 per
1277 1751 1489 1791 praesens
1542 1739 1745 1782 aderant.

264 1809 522 1849 quanquam
575 1795 765 1837 difficile
817 1796 1062 1840 videretur,
1115 1797 1344 1850 prefatum
1396 1797 1484 1838 iter
1539 1798 1746 1851 arripuit.

265 1854 468 1908 Cumque
531 1854 785 1908 Sequanam
848 1855 1067 1899 venisset,
1130 1855 1332 1909 repperit
1385 1854 1745 1904 Guntboldum1,

265 1913 556 1953 Warnarium
572 1913 599 1962 ²,
632 1913 895 1960 Arnulfum,
930 1912 1180 1954 Gerardum
1199 1913 1215 1937 3
1245 1927 1329 1954 nec
1360 1909 1474 1954 noni
1514 1916 1560 1955 et
1592 1927 1748 1956 omnes

265 1985 290 2011 a
323 1971 612 2012 Carbonariis
645 1975 690 2013 et
731 1968 881 2012 infrak
919 1972 1118 2015 comites.
1159 1971 1360 2019 abbates,
1400 1973 1646 2026 episcopos,
1690 1973 1747 2014 ob

265 2030 350 2071 hoc
389 2030 603 2071 videlicet
644 2026 693 2070 a¹
735 2030 965 2071 Lodhario
1005 2030 1121 2071 inibi
1161 2030 1357 2075 relictos.
1400 2034 1465 2079 ut,
1509 2032 1546 2071 si
1578 2031 1747 2085 absque

264 2101 344 2129 suo
378 2102 599 2130 consensu
631 2089 825 2129 transire
858 2088 1010 2137 vellet,
1044 2089 1229 2130 minime
1262 2092 1427 2142 posset.
1484 2090 1747 2131 Accedebat

263 2147 461 2201 insuper,
495 2148 615 2200 quod
649 2147 794 2188 amnis
825 2147 1053 2188 inundans
1085 2148 1202 2188 vada
1233 2147 1401 2200 ubique
1429 2148 1745 2202 denegaverat,

264 2206 474 2247 custodes
507 2208 659 2247 autem
702 2206 900 2246 fluminis
941 2219 1096 2247 omnes
1137 2219 1274 2246 naves
1317 2208 1397 2246 aut
1439 2207 1746 2247 contriverant

264 2266 344 2305 aut
377 2267 499 2306 certe
532 2264 880 2312 submerserant,
917 2263 1146 2306 Gerardus
1181 2278 1359 2318 quoque
1401 2267 1576 2318 pontes,
1619 2279 1746 2319 quos-

263 2336 455 2376 cumque
487 2324 701 2377 repperit,
736 2323 972 2364 destruxit.
1038 2323 1189 2375 Igitur
1220 2337 1356 2377 supra
1388 2324 1573 2364 modum
1605 2327 1746 2364 trans-

262 2381 355 2421 itus
388 2382 591 2422 difficilis
624 2382 814 2423 effectus
846 2396 937 2422 non
972 2382 1195 2422 modicam
1227 2382 1421 2423 transire
1457 2383 1746 2436 cupientibus

263 2440 529 2493 inportabat
570 2440 839 2481 molestiam.
918 2439 1032 2481 Cum
1079 2443 1229 2481 autem
1278 2443 1349 2481 tot
1391 2441 1746 2482 difficultatibus

264 2498 404 2538 animi
444 2498 728 2540 multimodis
771 2499 1056 2552 agitarentur
1097 2499 1310 2547 consiliis,
1354 2500 1538 2540 tandem
1583 2513 1746 2541 merca-

262 2636 291 2665 ιι)
311 2639 428 2667 oportet
449 2643 523 2660 corr.
545 2640 706 2667 oporteret.
793 2637 821 2665 b)
844 2637 948 2666 frib;q;
971 2636 1193 2666 (fratribusque)
1212 2643 1235 2660 r.
1322 2637 1348 2665 ο)
1374 2636 1501 2666 agebant
1521 2644 1544 2661 c.
1630 2635 1659 2667 d)
1680 2643 1746 2667 spe-

263 2678 345 2695 rasse
364 2678 406 2699 c.,·
425 2678 547 2702 sperare
568 2678 599 2696 se
619 2671 711 2695 Pem.
786 2672 813 2702 e)
834 2672 925 2701 Perre,
947 2671 994 2698 ΕΗ,
1008 2672 1043 2695 R.
1059 2672 1092 2697 G.
1112 2671 1154 2695 ed.
1170 2672 1195 2696 2.
1212 2679 1244 2701 p.
1258 2671 1300 2701 19,
1319 2672 1338 2696 l.
1355 2672 1398 2702 16,
1419 2672 1470 2694 hm·
1490 2672 1550 2695 loe-n
1571 2676 1602 2695 nt
1623 2672 1744 2696 addidit.

263 2707 283 2734 1)
305 2706 423 2730 differet
442 2713 516 2730 corr.
539 2705 680 2732 differret.
751 2712 778 2734 z)
799 2707 988 2737 promisserat
1009 2714 1031 2733 c.
1098 2707 1128 2736 h)
1148 2714 1206 2731 non
1221 2714 1275 2730 om.
1290 2714 1313 2731 c.
1382 2707 1402 2737 i)
1423 2714 1519 2731 nenon
1533 2714 1607 2733 cot-r,
1620 2714 1745 2731 necnon.

263 2741 293 2772 k)
314 2749 337 2768 v.
356 2748 445 2772 supra
465 2749 496 2772 p.
517 2742 560 2771 15,
585 2749 611 2767 n.
631 2742 658 2766 d.
732 2741 753 2772 l)
774 2742 809 2765 ad
829 2749 852 2766 c.

264 2846 298 2889 1)
327 2846 383 2887 Cf.
408 2846 529 2888 M'eyer
554 2857 617 2880 von
636 2846 792 2879 Knomm
815 2847 837 2880 Ι.
862 2856 887 2880 c.
912 2858 947 2889 p.
969 2848 1047 2887 112,
1068 2857 1101 2881 n.
1122 2849 1200 2881 323.
1297 2848 1332 2887 2)
1356 2847 1544 2879 Lmvtberte'
1566 2847 1746 2887 fratrem,-

263 2893 309 2932 (Γ.
335 2903 450 2935 supra
470 2905 507 2937 p.
529 2895 583 2934 18,
605 2905 640 2928 n.
661 2895 699 2935 1;
727 2893 846 2934 Meyer
862 2903 926 2925 ron
945 2894 1099 2926 Knomm
1123 2894 1144 2928 l.
1164 2904 1189 2928 c.
1280 2895 1316 2936 3)
1338 2894 1500 2927 Comitem
1519 2894 1746 2927 Parisiorum

263 2941 436 2979 difflatas,-
460 2941 506 2981 cf.
531 2951 643 2983 snpra
671 2951 696 2974 c.
715 2942 748 2981 3,
770 2951 807 2982 p.
829 2942 882 2977 16.

1417 3010 1461 3033 0*

1419 3036 1438 3046 u
