<?xml version="1.0" encoding="UTF-8"?>
<!DOCTYPE html PUBLIC "-//W3C//DTD XHTML 1.0 Transitional//EN"
    "http://www.w3.org/TR/xhtml1/DTD/xhtml1-transitional.dtd">
<html xmlns="http://www.w3.org/1999/xhtml" xml:lang="en" lang="en">
 <head>
  <title>
</title>
<meta http-equiv="Content-Type" content="text/html;charset=utf-8" />
  <meta name='ocr-system' content='tesseract 3.04.00' />
  <meta name='ocr-capabilities' content='ocr_page ocr_carea ocr_par ocr_line ocrx_word'/>
</head>
<body>
  <div class='ocr_page' id='page_1' title='image "./nithardihistoria00nithuoft/nithardihistoria00nithuoft_0029.png"; bbox 0 0 2125 3234; ppageno 0'>
   <div class='ocr_carea' id='block_1_1' title="bbox 143 968 178 993">
    <p class='ocr_par' dir='ltr' id='par_1_1' title="bbox 143 968 178 993">
     <span class='ocr_line' id='line_1_1' title="bbox 143 968 178 993; baseline 0.029 -1"><span class='ocrx_word' id='word_1_1' title='bbox 143 968 178 993; x_wconf 80' lang='lat'>10</span> 
     </span>
    </p>
   </div>
   <div class='ocr_carea' id='block_1_2' title="bbox 143 1260 176 1286">
    <p class='ocr_par' dir='ltr' id='par_1_2' title="bbox 143 1260 176 1286">
     <span class='ocr_line' id='line_1_2' title="bbox 143 1260 176 1286; baseline 0.03 -1"><span class='ocrx_word' id='word_1_2' title='bbox 143 1260 176 1286; x_wconf 87' lang='lat'>15</span> 
     </span>
    </p>
   </div>
   <div class='ocr_carea' id='block_1_3' title="bbox 141 1555 176 1580">
    <p class='ocr_par' dir='ltr' id='par_1_3' title="bbox 141 1555 176 1580">
     <span class='ocr_line' id='line_1_3' title="bbox 141 1555 176 1580; baseline 0 0"><span class='ocrx_word' id='word_1_3' title='bbox 141 1555 176 1580; x_wconf 79' lang='lat'>20</span> 
     </span>
    </p>
   </div>
   <div class='ocr_carea' id='block_1_4' title="bbox 142 1850 176 1875">
    <p class='ocr_par' dir='ltr' id='par_1_4' title="bbox 142 1850 176 1875">
     <span class='ocr_line' id='line_1_4' title="bbox 142 1850 176 1875; baseline 0 0"><span class='ocrx_word' id='word_1_4' title='bbox 142 1850 176 1875; x_wconf 80' lang='lat'>25</span> 
     </span>
    </p>
   </div>
   <div class='ocr_carea' id='block_1_5' title="bbox 67 1968 189 2000">
    <p class='ocr_par' dir='ltr' id='par_1_5' title="bbox 67 1968 189 2000">
     <span class='ocr_line' id='line_1_5' title="bbox 67 1968 189 2000; baseline 0.016 -7"><span class='ocrx_word' id='word_1_5' title='bbox 67 1969 112 2000; x_wconf 62' lang='grc' dir='ltr'>Ἴ).</span> <span class='ocrx_word' id='word_1_6' title='bbox 127 1968 189 1995; x_wconf 80' lang='grc'><strong>655.</strong></span> 
     </span>
    </p>
   </div>
   <div class='ocr_carea' id='block_1_6' title="bbox 143 2150 177 2176">
    <p class='ocr_par' dir='ltr' id='par_1_6' title="bbox 143 2150 177 2176">
     <span class='ocr_line' id='line_1_6' title="bbox 143 2150 177 2176; baseline -0.029 0"><span class='ocrx_word' id='word_1_7' title='bbox 143 2150 177 2176; x_wconf 80' lang='grc'>30</span> 
     </span>
    </p>
   </div>
   <div class='ocr_carea' id='block_1_7' title="bbox 144 2445 177 2469">
    <p class='ocr_par' dir='ltr' id='par_1_7' title="bbox 144 2445 177 2469">
     <span class='ocr_line' id='line_1_7' title="bbox 144 2445 177 2469; baseline 0 0"><span class='ocrx_word' id='word_1_8' title='bbox 144 2445 177 2469; x_wconf 85' lang='grc'>35</span> 
     </span>
    </p>
   </div>
   <div class='ocr_carea' id='block_1_8' title="bbox 143 2751 179 2775">
    <p class='ocr_par' dir='ltr' id='par_1_8' title="bbox 143 2751 179 2775">
     <span class='ocr_line' id='line_1_8' title="bbox 143 2751 179 2775; baseline 0 0"><span class='ocrx_word' id='word_1_9' title='bbox 143 2751 179 2775; x_wconf 77' lang='grc'>40</span> 
     </span>
    </p>
   </div>
   <div class='ocr_carea' id='block_1_9' title="bbox 503 293 1684 330">
    <p class='ocr_par' dir='ltr' id='par_1_9' title="bbox 503 293 1684 330">
     <span class='ocr_line' id='line_1_9' title="bbox 503 293 1684 330; baseline 0.002 -2"><span class='ocrx_word' id='word_1_10' title='bbox 503 293 758 329; x_wconf 86' lang='lat' dir='ltr'><strong>NITHARDI</strong></span> <span class='ocrx_word' id='word_1_11' title='bbox 783 293 1146 330; x_wconf 80' lang='lat' dir='ltr'>HISTORIARUM</span> <span class='ocrx_word' id='word_1_12' title='bbox 1171 293 1326 328; x_wconf 80' lang='lat' dir='ltr'>LIBER</span> <span class='ocrx_word' id='word_1_13' title='bbox 1352 293 1381 330; x_wconf 94' lang='lat'>1.</span> <span class='ocrx_word' id='word_1_14' title='bbox 1642 296 1684 330; x_wconf 93' lang='lat'>11</span> 
     </span>
    </p>
   </div>
   <div class='ocr_carea' id='block_1_10' title="bbox 204 413 1779 704">
    <p class='ocr_par' dir='ltr' id='par_1_10' title="bbox 204 413 1779 704">
     <span class='ocr_line' id='line_1_10' title="bbox 205 413 1779 468; baseline -0.001 -12"><span class='ocrx_word' id='word_1_15' title='bbox 205 427 310 468; x_wconf 87' lang='lat' dir='ltr'>ceps</span> <span class='ocrx_word' id='word_1_16' title='bbox 351 427 460 468; x_wconf 84' lang='lat' dir='ltr'>erga</span> <span class='ocrx_word' id='word_1_17' title='bbox 500 413 723 455; x_wconf 89' lang='lat' dir='ltr'>Karolum</span> <span class='ocrx_word' id='word_1_18' title='bbox 767 428 1031 458; x_wconf 84' lang='lat' dir='ltr'>conservare</span> <span class='ocrx_word' id='word_1_19' title='bbox 1071 413 1225 463; x_wconf 82' lang='lat' dir='ltr'>vellet,</span> <span class='ocrx_word' id='word_1_20' title='bbox 1273 414 1438 463; x_wconf 84' lang='lat' dir='ltr'>omnia,</span> <span class='ocrx_word' id='word_1_21' title='bbox 1481 427 1596 467; x_wconf 90' lang='lat' dir='ltr'>quae</span> <span class='ocrx_word' id='word_1_22' title='bbox 1638 415 1686 455; x_wconf 90' lang='lat' dir='ltr'>in</span> <span class='ocrx_word' id='word_1_23' title='bbox 1699 422 1779 456; x_wconf 84' lang='lat'>839.</span> 
     </span>
     <span class='ocr_line' id='line_1_11' title="bbox 204 472 1686 527; baseline 0 -14"><span class='ocrx_word' id='word_1_24' title='bbox 204 473 334 513; x_wconf 90' lang='lat' dir='ltr'>illum</span> <span class='ocrx_word' id='word_1_25' title='bbox 373 475 561 514; x_wconf 88' lang='lat' dir='ltr'>actenus</span> <span class='ocrx_word' id='word_1_26' title='bbox 594 473 861 527; x_wconf 76' lang='lat' dir='ltr'>deliquerat,</span> <span class='ocrx_word' id='word_1_27' title='bbox 903 473 1077 516; x_wconf 75' lang='lat' dir='ltr'><strong>remitti</strong></span> <span class='ocrx_word' id='word_1_28' title='bbox 1109 475 1154 514; x_wconf 89' lang='lat' dir='ltr'>et</span> <span class='ocrx_word' id='word_1_29' title='bbox 1187 485 1318 514; x_wconf 89' lang='lat' dir='ltr'>omne</span> <span class='ocrx_word' id='word_1_30' title='bbox 1358 486 1549 525; x_wconf 85' lang='lat' dir='ltr'>regnum</span> <span class='ocrx_word' id='word_1_31' title='bbox 1592 472 1686 513; x_wconf 86' lang='lat' dir='ltr'>abs-</span> 
     </span>
     <span class='ocr_line' id='line_1_12' title="bbox 205 530 1687 584; baseline 0.001 -13"><span class='ocrx_word' id='word_1_32' title='bbox 205 544 291 584; x_wconf 85' lang='lat' dir='ltr'>que</span> <span class='ocrx_word' id='word_1_33' title='bbox 323 530 535 572; x_wconf 86' lang='lat' dir='ltr'>Baioaria</span> <span class='ocrx_word' id='word_1_34' title='bbox 566 532 687 573; x_wconf 90' lang='lat' dir='ltr'>inter</span> <span class='ocrx_word' id='word_1_35' title='bbox 717 532 849 573; x_wconf 91' lang='lat' dir='ltr'>illum</span> <span class='ocrx_word' id='word_1_36' title='bbox 883 535 928 574; x_wconf 90' lang='lat' dir='ltr'>et</span> <span class='ocrx_word' id='word_1_37' title='bbox 960 531 1182 573; x_wconf 86' lang='lat' dir='ltr'>Karolum</span> <span class='ocrx_word' id='word_1_38' title='bbox 1217 530 1536 579; x_wconf 87' lang='lat' dir='ltr'>dividendum;</span> <span class='ocrx_word' id='word_1_39' title='bbox 1571 544 1687 584; x_wconf 87' lang='lat' dir='ltr'>quae</span> 
     </span>
     <span class='ocr_line' id='line_1_13' title="bbox 204 589 1688 643; baseline 0 -14"><span class='ocrx_word' id='word_1_40' title='bbox 204 589 417 643; x_wconf 89' lang='lat' dir='ltr'>quoniam</span> <span class='ocrx_word' id='word_1_41' title='bbox 450 590 679 632; x_wconf 87' lang='lat' dir='ltr'>Lodhario</span> <span class='ocrx_word' id='word_1_42' title='bbox 712 594 758 632; x_wconf 90' lang='lat' dir='ltr'>et</span> <span class='ocrx_word' id='word_1_43' title='bbox 798 591 890 632; x_wconf 91' lang='lat' dir='ltr'>suis</span> <span class='ocrx_word' id='word_1_44' title='bbox 930 593 1031 631; x_wconf 85' lang='lat' dir='ltr'>rata</span> <span class='ocrx_word' id='word_1_45' title='bbox 1070 589 1356 639; x_wconf 76' lang='lat' dir='ltr'>videbantur,</span> <span class='ocrx_word' id='word_1_46' title='bbox 1398 591 1592 642; x_wconf 89' lang='lat' dir='ltr'>utraque</span> <span class='ocrx_word' id='word_1_47' title='bbox 1634 601 1688 629; x_wconf 80' lang='lat' dir='ltr'>ex</span> 
     </span>
     <span class='ocr_line' id='line_1_14' title="bbox 204 648 1424 704; baseline -0.001 -16"><span class='ocrx_word' id='word_1_48' title='bbox 204 650 334 702; x_wconf 83' lang='lat' dir='ltr'>parte</span> <span class='ocrx_word' id='word_1_49' title='bbox 366 648 429 689; x_wconf 89' lang='lat' dir='ltr'>sic</span> <span class='ocrx_word' id='word_1_50' title='bbox 461 648 578 689; x_wconf 84' lang='lat' dir='ltr'>velle</span> <span class='ocrx_word' id='word_1_51' title='bbox 611 662 662 690; x_wconf 88' lang='lat' dir='ltr'>ac</span> <span class='ocrx_word' id='word_1_52' title='bbox 695 650 786 690; x_wconf 67' lang='lat' dir='ltr'>sica</span> <span class='ocrx_word' id='word_1_53' title='bbox 820 663 866 691; x_wconf 89' lang='lat' dir='ltr'>se</span> <span class='ocrx_word' id='word_1_54' title='bbox 899 650 1113 704; x_wconf 89' lang='lat' dir='ltr'>perficere</span> <span class='ocrx_word' id='word_1_55' title='bbox 1145 649 1424 689; x_wconf 86' lang='lat' dir='ltr'>iuraverunt.</span> 
     </span>
    </p>
   </div>
   <div class='ocr_carea' id='block_1_11' title="bbox 200 717 1816 2535">
    <p class='ocr_par' dir='ltr' id='par_1_11' title="bbox 200 717 1816 2535">
     <span class='ocr_line' id='line_1_15' title="bbox 347 717 1816 772; baseline -0.002 -15"><span class='ocrx_word' id='word_1_56' title='bbox 347 721 385 758; x_wconf 91' lang='lat'>7.</span> <span class='ocrx_word' id='word_1_57' title='bbox 448 718 568 771; x_wconf 87' lang='lat' dir='ltr'>Ergo</span> <span class='ocrx_word' id='word_1_58' title='bbox 616 719 673 759; x_wconf 88' lang='lat' dir='ltr'>ad</span> <span class='ocrx_word' id='word_1_59' title='bbox 714 720 873 761; x_wconf 88' lang='lat' dir='ltr'>urbem</span> <span class='ocrx_word' id='word_1_60' title='bbox 906 718 1196 772; x_wconf 82' lang='lat' dir='ltr'>vangionum</span> <span class='ocrx_word' id='word_1_61' title='bbox 1238 719 1466 759; x_wconf 84' lang='lat' dir='ltr'>conventu</span> <span class='ocrx_word' id='word_1_62' title='bbox 1513 717 1816 758; x_wconf 60' lang='lat' dir='ltr'>indictofflaw.</span> 
     </span>
     <span class='ocr_line' id='line_1_16' title="bbox 203 775 1688 831; baseline -0.001 -13"><span class='ocrx_word' id='word_1_63' title='bbox 203 779 536 825; x_wconf 86' lang='lat' dir='ltr'>convenerunt;</span> <span class='ocrx_word' id='word_1_64' title='bbox 590 777 637 817; x_wconf 92' lang='lat' dir='ltr'>in</span> <span class='ocrx_word' id='word_1_65' title='bbox 689 791 777 831; x_wconf 92' lang='lat' dir='ltr'>quo</span> <span class='ocrx_word' id='word_1_66' title='bbox 825 778 1080 819; x_wconf 90' lang='lat' dir='ltr'>Lodharius</span> <span class='ocrx_word' id='word_1_67' title='bbox 1132 776 1388 818; x_wconf 85' lang='lat' dir='ltr'>humillime</span> <span class='ocrx_word' id='word_1_68' title='bbox 1441 776 1498 817; x_wconf 89' lang='lat' dir='ltr'>ad</span> <span class='ocrx_word' id='word_1_69' title='bbox 1551 775 1688 830; x_wconf 83' lang='lat' dir='ltr'>pedes</span> 
     </span>
     <span class='ocr_line' id='line_1_17' title="bbox 203 835 1688 890; baseline 0 -15"><span class='ocrx_word' id='word_1_70' title='bbox 203 835 346 889; x_wconf 88' lang='lat' dir='ltr'>patris</span> <span class='ocrx_word' id='word_1_71' title='bbox 385 848 533 876; x_wconf 87' lang='lat' dir='ltr'>coram</span> <span class='ocrx_word' id='word_1_72' title='bbox 578 836 755 877; x_wconf 89' lang='lat' dir='ltr'>cunctis</span> <span class='ocrx_word' id='word_1_73' title='bbox 795 837 992 890; x_wconf 88' lang='lat' dir='ltr'>procidit</span> <span class='ocrx_word' id='word_1_74' title='bbox 1033 836 1208 877; x_wconf 88' lang='lat' dir='ltr'>dicens:</span> <span class='ocrx_word' id='word_1_75' title='bbox 1252 835 1383 876; x_wconf 85' lang='lat' dir='ltr'>‘Novi</span> <span class='ocrx_word' id='word_1_76' title='bbox 1423 848 1494 876; x_wconf 91' lang='lat' dir='ltr'>me</span> <span class='ocrx_word' id='word_1_77' title='bbox 1538 848 1688 876; x_wconf 90' lang='lat' dir='ltr'>coram</span> 
     </span>
     <span class='ocr_line' id='line_1_18' title="bbox 203 893 1687 949; baseline -0.001 -15"><span class='ocrx_word' id='word_1_78' title='bbox 203 893 302 934; x_wconf 90' lang='lat' dir='ltr'>Deo</span> <span class='ocrx_word' id='word_1_79' title='bbox 335 895 381 934; x_wconf 88' lang='lat' dir='ltr'>et</span> <span class='ocrx_word' id='word_1_80' title='bbox 413 896 472 942; x_wconf 88' lang='lat' dir='ltr'>te,</span> <span class='ocrx_word' id='word_1_81' title='bbox 506 894 688 936; x_wconf 89' lang='lat' dir='ltr'>domine</span> <span class='ocrx_word' id='word_1_82' title='bbox 721 897 863 949; x_wconf 82' lang='lat' dir='ltr'>pater,</span> <span class='ocrx_word' id='word_1_83' title='bbox 898 894 1193 948; x_wconf 82' lang='lat' dir='ltr'>deliquisse¹;</span> <span class='ocrx_word' id='word_1_84' title='bbox 1236 907 1328 935; x_wconf 95' lang='grc'>11011</span> <span class='ocrx_word' id='word_1_85' title='bbox 1362 906 1566 946; x_wconf 72' lang='lat' dir='ltr'>regnum,</span> <span class='ocrx_word' id='word_1_86' title='bbox 1609 893 1687 934; x_wconf 89' lang='lat' dir='ltr'>sed</span> 
     </span>
     <span class='ocr_line' id='line_1_19' title="bbox 202 951 1688 1006; baseline -0.001 -14"><span class='ocrx_word' id='word_1_87' title='bbox 202 951 534 1006; x_wconf 79' lang='lat' dir='ltr'>indulgentiam</span> <span class='ocrx_word' id='word_1_88' title='bbox 570 955 629 1002; x_wconf 90' lang='lat' dir='ltr'>et,</span> <span class='ocrx_word' id='word_1_89' title='bbox 663 955 715 993; x_wconf 90' lang='lat' dir='ltr'>ut</span> <span class='ocrx_word' id='word_1_90' title='bbox 737 954 933 1006; x_wconf 75' lang='lat' dir='ltr'>gratiam</span> <span class='ocrx_word' id='word_1_91' title='bbox 954 956 1081 994; x_wconf 86' lang='lat' dir='ltr'>tuam</span> <span class='ocrx_word' id='word_1_92' title='bbox 1105 965 1290 996; x_wconf 83' lang='lat' dir='ltr'>merear,</span> <span class='ocrx_word' id='word_1_93' title='bbox 1314 951 1508 1005; x_wconf 82' lang='lat' dir='ltr'>quaeso&#39;.</span> <span class='ocrx_word' id='word_1_94' title='bbox 1558 951 1688 992; x_wconf 84' lang='lat' dir='ltr'>Idem</span> 
     </span>
     <span class='ocr_line' id='line_1_20' title="bbox 202 1009 1688 1066; baseline -0.001 -15"><span class='ocrx_word' id='word_1_95' title='bbox 202 1013 358 1052; x_wconf 85' lang='lat' dir='ltr'>autem</span> <span class='ocrx_word' id='word_1_96' title='bbox 399 1014 451 1051; x_wconf 91' lang='lat' dir='ltr'>ut</span> <span class='ocrx_word' id='word_1_97' title='bbox 492 1011 593 1065; x_wconf 91' lang='lat' dir='ltr'>pius</span> <span class='ocrx_word' id='word_1_98' title='bbox 633 1025 684 1053; x_wconf 87' lang='lat' dir='ltr'>ac</span> <span class='ocrx_word' id='word_1_99' title='bbox 727 1012 925 1054; x_wconf 90' lang='lat' dir='ltr'>clemens</span> <span class='ocrx_word' id='word_1_100' title='bbox 966 1014 1096 1066; x_wconf 90' lang='lat' dir='ltr'>pater</span> <span class='ocrx_word' id='word_1_101' title='bbox 1137 1013 1183 1051; x_wconf 90' lang='lat' dir='ltr'>et</span> <span class='ocrx_word' id='word_1_102' title='bbox 1225 1010 1394 1051; x_wconf 89' lang='lat' dir='ltr'>delicta</span> <span class='ocrx_word' id='word_1_103' title='bbox 1435 1009 1688 1064; x_wconf 72' lang='lat' dir='ltr'>postulanti</span> 
     </span>
     <span class='ocr_line' id='line_1_21' title="bbox 201 1065 1685 1125; baseline 0.001 -16"><span class='ocrx_word' id='word_1_104' title='bbox 201 1065 422 1110; x_wconf 77' lang='lat' dir='ltr'>indulsitb</span> <span class='ocrx_word' id='word_1_105' title='bbox 458 1073 503 1111; x_wconf 91' lang='lat' dir='ltr'>et</span> <span class='ocrx_word' id='word_1_106' title='bbox 535 1070 728 1123; x_wconf 75' lang='lat' dir='ltr'>gratiam</span> <span class='ocrx_word' id='word_1_107' title='bbox 763 1071 944 1125; x_wconf 79' lang='lat' dir='ltr'>roganti</span> <span class='ocrx_word' id='word_1_108' title='bbox 977 1070 1211 1118; x_wconf 73' lang='lat' dir='ltr'>concessit,</span> <span class='ocrx_word' id='word_1_109' title='bbox 1247 1083 1298 1110; x_wconf 91' lang='lat' dir='ltr'>eo</span> <span class='ocrx_word' id='word_1_110' title='bbox 1332 1068 1507 1110; x_wconf 90' lang='lat' dir='ltr'>scilicet</span> <span class='ocrx_word' id='word_1_111' title='bbox 1538 1070 1685 1122; x_wconf 81' lang='lat' dir='ltr'>pacto.</span> 
     </span>
     <span class='ocr_line' id='line_1_22' title="bbox 202 1127 1686 1183; baseline -0.001 -15"><span class='ocrx_word' id='word_1_112' title='bbox 202 1131 254 1168; x_wconf 92' lang='lat' dir='ltr'>ut</span> <span class='ocrx_word' id='word_1_113' title='bbox 287 1128 498 1182; x_wconf 85' lang='lat' dir='ltr'>deinceps</span> <span class='ocrx_word' id='word_1_114' title='bbox 531 1129 646 1169; x_wconf 87' lang='lat' dir='ltr'>nihil</span> <span class='ocrx_word' id='word_1_115' title='bbox 679 1129 885 1183; x_wconf 89' lang='lat' dir='ltr'>quolibet</span> <span class='ocrx_word' id='word_1_116' title='bbox 912 1129 1045 1170; x_wconf 94' lang='lat' dir='ltr'>modo</span> <span class='ocrx_word' id='word_1_117' title='bbox 1069 1130 1228 1170; x_wconf 91' lang='lat' dir='ltr'>contra</span> <span class='ocrx_word' id='word_1_118' title='bbox 1251 1142 1379 1169; x_wconf 89' lang='lat' dir='ltr'>suam</span> <span class='ocrx_word' id='word_1_119' title='bbox 1401 1127 1686 1168; x_wconf 83' lang='lat' dir='ltr'>voluntatem</span> 
     </span>
     <span class='ocr_line' id='line_1_23' title="bbox 202 1185 1688 1241; baseline -0.001 -15"><span class='ocrx_word' id='word_1_120' title='bbox 202 1187 364 1227; x_wconf 88' lang='lat' dir='ltr'>necin</span> <span class='ocrx_word' id='word_1_121' title='bbox 398 1187 621 1228; x_wconf 88' lang='lat' dir='ltr'>Karolum</span> <span class='ocrx_word' id='word_1_122' title='bbox 658 1201 740 1229; x_wconf 89' lang='lat' dir='ltr'>nec</span> <span class='ocrx_word' id='word_1_123' title='bbox 781 1188 829 1228; x_wconf 89' lang='lat' dir='ltr'>in</span> <span class='ocrx_word' id='word_1_124' title='bbox 871 1201 1062 1241; x_wconf 90' lang='lat' dir='ltr'>regnum</span> <span class='ocrx_word' id='word_1_125' title='bbox 1104 1187 1274 1228; x_wconf 88' lang='lat' dir='ltr'>alicubi</span> <span class='ocrx_word' id='word_1_126' title='bbox 1315 1187 1495 1240; x_wconf 73' lang='lat' dir='ltr'>egisset,</span> <span class='ocrx_word' id='word_1_127' title='bbox 1568 1185 1688 1227; x_wconf 86' lang='lat' dir='ltr'>Dein</span> 
     </span>
     <span class='ocr_line' id='line_1_24' title="bbox 202 1245 1687 1300; baseline 0 -15"><span class='ocrx_word' id='word_1_128' title='bbox 202 1245 397 1299; x_wconf 88' lang='lat' dir='ltr'>benigne</span> <span class='ocrx_word' id='word_1_129' title='bbox 437 1245 569 1286; x_wconf 90' lang='lat' dir='ltr'>illum</span> <span class='ocrx_word' id='word_1_130' title='bbox 612 1247 819 1300; x_wconf 86' lang='lat' dir='ltr'>excoepit</span> <span class='ocrx_word' id='word_1_131' title='bbox 861 1260 912 1287; x_wconf 84' lang='lat' dir='ltr'>ac</span> <span class='ocrx_word' id='word_1_132' title='bbox 955 1246 1222 1287; x_wconf 85' lang='lat' dir='ltr'>deosculans</span> <span class='ocrx_word' id='word_1_133' title='bbox 1264 1245 1434 1298; x_wconf 87' lang='lat' dir='ltr'>gratias</span> <span class='ocrx_word' id='word_1_134' title='bbox 1468 1245 1565 1286; x_wconf 90' lang='lat' dir='ltr'>Deo</span> <span class='ocrx_word' id='word_1_135' title='bbox 1607 1258 1687 1298; x_wconf 90' lang='lat' dir='ltr'>pro</span> 
     </span>
     <span class='ocr_line' id='line_1_25' title="bbox 201 1303 1687 1357; baseline -0.001 -13"><span class='ocrx_word' id='word_1_136' title='bbox 201 1303 308 1352; x_wconf 78' lang='lat' dir='ltr'>filio,</span> <span class='ocrx_word' id='word_1_137' title='bbox 343 1317 476 1357; x_wconf 90' lang='lat' dir='ltr'>quem</span> <span class='ocrx_word' id='word_1_138' title='bbox 509 1317 714 1345; x_wconf 82' lang='lat' dir='ltr'>aversum</span> <span class='ocrx_word' id='word_1_139' title='bbox 746 1305 1134 1352; x_wconf 78' lang='lat' dir='ltr'>reconciliaverat,</span> <span class='ocrx_word' id='word_1_140' title='bbox 1168 1305 1275 1357; x_wconf 89' lang='lat' dir='ltr'>egit.</span> <span class='ocrx_word' id='word_1_141' title='bbox 1339 1304 1412 1344; x_wconf 88' lang='lat' dir='ltr'>Ad</span> <span class='ocrx_word' id='word_1_142' title='bbox 1444 1303 1687 1356; x_wconf 80' lang='lat' dir='ltr'>prandium</span> 
     </span>
     <span class='ocr_line' id='line_1_26' title="bbox 202 1362 1685 1415; baseline -0.001 -12"><span class='ocrx_word' id='word_1_143' title='bbox 202 1362 367 1404; x_wconf 90' lang='lat' dir='ltr'>deinde</span> <span class='ocrx_word' id='word_1_144' title='bbox 401 1363 603 1403; x_wconf 85' lang='lat' dir='ltr'>conversi</span> <span class='ocrx_word' id='word_1_145' title='bbox 637 1366 756 1412; x_wconf 89' lang='lat' dir='ltr'>sunt,</span> <span class='ocrx_word' id='word_1_146' title='bbox 790 1364 838 1404; x_wconf 92' lang='lat' dir='ltr'>in</span> <span class='ocrx_word' id='word_1_147' title='bbox 871 1363 1119 1404; x_wconf 89' lang='lat' dir='ltr'>crastinum</span> <span class='ocrx_word' id='word_1_148' title='bbox 1154 1363 1208 1403; x_wconf 92' lang='lat' dir='ltr'>de</span> <span class='ocrx_word' id='word_1_149' title='bbox 1242 1362 1416 1409; x_wconf 81' lang='lat' dir='ltr'>ceteris,</span> <span class='ocrx_word' id='word_1_150' title='bbox 1460 1375 1574 1415; x_wconf 84' lang='lat' dir='ltr'>quae</span> <span class='ocrx_word' id='word_1_151' title='bbox 1617 1362 1685 1402; x_wconf 90' lang='lat' dir='ltr'>sui</span> 
     </span>
     <span class='ocr_line' id='line_1_27' title="bbox 201 1420 1687 1465; baseline -0.001 -4"><span class='ocrx_word' id='word_1_152' title='bbox 201 1421 483 1465; x_wconf 77' lang='lat' dir='ltr'>iuraverant.</span> <span class='ocrx_word' id='word_1_153' title='bbox 534 1421 844 1463; x_wconf 87' lang='lat' dir='ltr'>deliberaturi.</span> <span class='ocrx_word' id='word_1_154' title='bbox 924 1422 1010 1463; x_wconf 92' lang='lat' dir='ltr'>Die</span> <span class='ocrx_word' id='word_1_155' title='bbox 1053 1424 1205 1462; x_wconf 87' lang='lat' dir='ltr'>autem</span> <span class='ocrx_word' id='word_1_156' title='bbox 1255 1421 1400 1462; x_wconf 85' lang='lat' dir='ltr'>altera</span> <span class='ocrx_word' id='word_1_157' title='bbox 1444 1420 1687 1461; x_wconf 89' lang='lat' dir='ltr'>concilium</span> 
     </span>
     <span class='ocr_line' id='line_1_28' title="bbox 200 1479 1685 1535; baseline -0.001 -15"><span class='ocrx_word' id='word_1_158' title='bbox 200 1480 376 1521; x_wconf 88' lang='lat' dir='ltr'>ineunt.</span> <span class='ocrx_word' id='word_1_159' title='bbox 429 1480 550 1522; x_wconf 87' lang='lat' dir='ltr'>Hinc</span> <span class='ocrx_word' id='word_1_160' title='bbox 584 1484 726 1535; x_wconf 88' lang='lat' dir='ltr'>pater,</span> <span class='ocrx_word' id='word_1_161' title='bbox 760 1483 812 1521; x_wconf 91' lang='lat' dir='ltr'>ut</span> <span class='ocrx_word' id='word_1_162' title='bbox 845 1481 915 1522; x_wconf 90' lang='lat' dir='ltr'>sui</span> <span class='ocrx_word' id='word_1_163' title='bbox 937 1481 1212 1529; x_wconf 83' lang='lat' dir='ltr'>iuraverant,</span> <span class='ocrx_word' id='word_1_164' title='bbox 1237 1480 1452 1533; x_wconf 88' lang='lat' dir='ltr'>perficere</span> <span class='ocrx_word' id='word_1_165' title='bbox 1477 1479 1685 1532; x_wconf 88' lang='lat' dir='ltr'>cupiens:</span> 
     </span>
     <span class='ocr_line' id='line_1_29' title="bbox 203 1539 1685 1593; baseline -0.001 -14"><span class='ocrx_word' id='word_1_166' title='bbox 203 1539 346 1585; x_wconf 59' lang='lat' dir='ltr'>‘Ecce</span> <span class='ocrx_word' id='word_1_167' title='bbox 381 1539 459 1588; x_wconf 85' lang='lat' dir='ltr'>fili,</span> <span class='ocrx_word' id='word_1_168' title='bbox 492 1542 545 1580; x_wconf 89' lang='lat' dir='ltr'>ut</span> <span class='ocrx_word' id='word_1_169' title='bbox 577 1540 917 1593; x_wconf 78' lang='lat' dir='ltr'>promiseram⁰,</span> <span class='ocrx_word' id='word_1_170' title='bbox 951 1553 1142 1593; x_wconf 87' lang='lat' dir='ltr'>regnum</span> <span class='ocrx_word' id='word_1_171' title='bbox 1176 1552 1308 1579; x_wconf 90' lang='lat' dir='ltr'>omne</span> <span class='ocrx_word' id='word_1_172' title='bbox 1342 1552 1489 1579; x_wconf 89' lang='lat' dir='ltr'>coram</span> <span class='ocrx_word' id='word_1_173' title='bbox 1523 1541 1570 1578; x_wconf 87' lang='lat' dir='ltr'>te</span> <span class='ocrx_word' id='word_1_174' title='bbox 1604 1540 1685 1584; x_wconf 80' lang='lat' dir='ltr'>est,</span> 
     </span>
     <span class='ocr_line' id='line_1_30' title="bbox 202 1597 1687 1652; baseline -0.001 -14"><span class='ocrx_word' id='word_1_175' title='bbox 202 1597 354 1639; x_wconf 82' lang='lat' dir='ltr'>divide</span> <span class='ocrx_word' id='word_1_176' title='bbox 385 1598 516 1646; x_wconf 80' lang='lat' dir='ltr'>illud,</span> <span class='ocrx_word' id='word_1_177' title='bbox 545 1601 679 1652; x_wconf 88' lang='lat' dir='ltr'>prout</span> <span class='ocrx_word' id='word_1_178' title='bbox 703 1598 900 1640; x_wconf 82' lang='lat' dir='ltr'>libuerit.</span> <span class='ocrx_word' id='word_1_179' title='bbox 951 1598 1082 1649; x_wconf 79' lang='lat' dir='ltr'>Quod</span> <span class='ocrx_word' id='word_1_180' title='bbox 1107 1598 1144 1638; x_wconf 91' lang='lat' dir='ltr'>si</span> <span class='ocrx_word' id='word_1_181' title='bbox 1166 1600 1219 1638; x_wconf 89' lang='lat' dir='ltr'>tu</span> <span class='ocrx_word' id='word_1_182' title='bbox 1242 1597 1458 1645; x_wconf 82' lang='lat' dir='ltr'>diviseris,</span> <span class='ocrx_word' id='word_1_183' title='bbox 1483 1597 1687 1650; x_wconf 86' lang='lat' dir='ltr'>parcium</span> 
     </span>
     <span class='ocr_line' id='line_1_31' title="bbox 203 1655 1687 1707; baseline -0.001 -10"><span class='ocrx_word' id='word_1_184' title='bbox 203 1656 366 1698; x_wconf 87' lang='lat' dir='ltr'>electio</span> <span class='ocrx_word' id='word_1_185' title='bbox 391 1656 550 1697; x_wconf 86' lang='lat' dir='ltr'>Karoli</span> <span class='ocrx_word' id='word_1_186' title='bbox 584 1658 690 1707; x_wconf 89' lang='lat' dir='ltr'>erit;</span> <span class='ocrx_word' id='word_1_187' title='bbox 726 1658 763 1697; x_wconf 91' lang='lat' dir='ltr'>si</span> <span class='ocrx_word' id='word_1_188' title='bbox 795 1659 947 1698; x_wconf 87' lang='lat' dir='ltr'>autem</span> <span class='ocrx_word' id='word_1_189' title='bbox 981 1671 1062 1698; x_wconf 88' lang='lat' dir='ltr'>nos</span> <span class='ocrx_word' id='word_1_190' title='bbox 1094 1656 1211 1696; x_wconf 86' lang='lat' dir='ltr'>illud</span> <span class='ocrx_word' id='word_1_191' title='bbox 1245 1656 1542 1703; x_wconf 74' lang='lat' dir='ltr'>diviserimus,</span> <span class='ocrx_word' id='word_1_192' title='bbox 1571 1655 1687 1695; x_wconf 90' lang='lat' dir='ltr'>simi-</span> 
     </span>
     <span class='ocr_line' id='line_1_32' title="bbox 202 1710 1688 1769; baseline -0.001 -14"><span class='ocrx_word' id='word_1_193' title='bbox 202 1714 309 1756; x_wconf 89' lang='lat' dir='ltr'>liter</span> <span class='ocrx_word' id='word_1_194' title='bbox 339 1715 543 1769; x_wconf 88' lang='lat' dir='ltr'>parcium</span> <span class='ocrx_word' id='word_1_195' title='bbox 576 1715 739 1757; x_wconf 89' lang='lat' dir='ltr'>electio</span> <span class='ocrx_word' id='word_1_196' title='bbox 772 1718 853 1756; x_wconf 89' lang='lat' dir='ltr'>tua</span> <span class='ocrx_word' id='word_1_197' title='bbox 887 1715 1029 1757; x_wconf 54' lang='grc' dir='ltr'>0τὶθὲ</span> <span class='ocrx_word' id='word_1_198' title='bbox 1103 1714 1235 1765; x_wconf 83' lang='lat' dir='ltr'>Quod</span> <span class='ocrx_word' id='word_1_199' title='bbox 1276 1715 1397 1755; x_wconf 88' lang='lat' dir='ltr'>idem</span> <span class='ocrx_word' id='word_1_200' title='bbox 1440 1710 1571 1755; x_wconf 80' lang='lat' dir='ltr'>cumd</span> <span class='ocrx_word' id='word_1_201' title='bbox 1609 1727 1688 1767; x_wconf 88' lang='lat' dir='ltr'>per</span> 
     </span>
     <span class='ocr_line' id='line_1_33' title="bbox 201 1773 1686 1828; baseline -0.001 -14"><span class='ocrx_word' id='word_1_202' title='bbox 201 1774 406 1814; x_wconf 88' lang='lat' dir='ltr'>triduum</span> <span class='ocrx_word' id='word_1_203' title='bbox 449 1774 649 1816; x_wconf 83' lang='lat' dir='ltr'>dividere</span> <span class='ocrx_word' id='word_1_204' title='bbox 692 1774 844 1820; x_wconf 81' lang='lat' dir='ltr'>vellet,</span> <span class='ocrx_word' id='word_1_205' title='bbox 893 1775 971 1816; x_wconf 90' lang='lat' dir='ltr'>sed</span> <span class='ocrx_word' id='word_1_206' title='bbox 1014 1774 1198 1815; x_wconf 89' lang='lat' dir='ltr'>minime</span> <span class='ocrx_word' id='word_1_207' title='bbox 1241 1776 1406 1828; x_wconf 83' lang='lat' dir='ltr'>posset,</span> <span class='ocrx_word' id='word_1_208' title='bbox 1450 1773 1686 1826; x_wconf 88' lang='lat' dir='ltr'>Iosippum</span> 
     </span>
     <span class='ocr_line' id='line_1_34' title="bbox 203 1831 1687 1887; baseline -0.001 -14"><span class='ocrx_word' id='word_1_209' title='bbox 203 1835 339 1886; x_wconf 81' lang='lat' dir='ltr'>atque</span> <span class='ocrx_word' id='word_1_210' title='bbox 372 1833 682 1874; x_wconf 82' lang='lat' dir='ltr'>Richardum3</span> <span class='ocrx_word' id='word_1_211' title='bbox 713 1834 771 1874; x_wconf 86' lang='lat' dir='ltr'>ad</span> <span class='ocrx_word' id='word_1_212' title='bbox 803 1837 980 1887; x_wconf 89' lang='lat' dir='ltr'>pat-rem</span> <span class='ocrx_word' id='word_1_213' title='bbox 1014 1833 1179 1874; x_wconf 74' lang='lat' dir='ltr'>direxit</span> <span class='ocrx_word' id='word_1_214' title='bbox 1212 1833 1472 1886; x_wconf 82' lang='lat' dir='ltr'>deprecans,</span> <span class='ocrx_word' id='word_1_215' title='bbox 1516 1834 1568 1872; x_wconf 89' lang='lat' dir='ltr'>ut</span> <span class='ocrx_word' id='word_1_216' title='bbox 1608 1831 1687 1872; x_wconf 89' lang='lat' dir='ltr'>ille</span> 
     </span>
     <span class='ocr_line' id='line_1_35' title="bbox 203 1890 1688 1946; baseline -0.001 -14"><span class='ocrx_word' id='word_1_217' title='bbox 203 1897 249 1932; x_wconf 89' lang='lat' dir='ltr'>et</span> <span class='ocrx_word' id='word_1_218' title='bbox 282 1892 351 1932; x_wconf 87' lang='lat' dir='ltr'>sui</span> <span class='ocrx_word' id='word_1_219' title='bbox 382 1905 574 1946; x_wconf 86' lang='lat' dir='ltr'>regnum</span> <span class='ocrx_word' id='word_1_220' title='bbox 608 1892 876 1941; x_wconf 77' lang='lat' dir='ltr'>dividerent,</span> <span class='ocrx_word' id='word_1_221' title='bbox 919 1892 1213 1946; x_wconf 89' lang='lat' dir='ltr'>parciumque</span> <span class='ocrx_word' id='word_1_222' title='bbox 1255 1891 1418 1932; x_wconf 90' lang='lat' dir='ltr'>electio</span> <span class='ocrx_word' id='word_1_223' title='bbox 1461 1890 1546 1931; x_wconf 88' lang='lat' dir='ltr'>sibi</span> <span class='ocrx_word' id='word_1_224' title='bbox 1588 1904 1688 1931; x_wconf 90' lang='lat' dir='ltr'>con-</span> 
     </span>
     <span class='ocr_line' id='line_1_36' title="bbox 205 1949 1686 2005; baseline -0.001 -14"><span class='ocrx_word' id='word_1_225' title='bbox 205 1951 462 1999; x_wconf 82' lang='lat' dir='ltr'>cederetur3</span> <span class='ocrx_word' id='word_1_226' title='bbox 499 1951 704 2005; x_wconf 68' lang='lat' dir='ltr'>‘insuper</span> <span class='ocrx_word' id='word_1_227' title='bbox 725 1965 830 1992; x_wconf 87' lang='lat' dir='ltr'>vero</span> <span class='ocrx_word' id='word_1_228' title='bbox 857 1951 905 1991; x_wconf 91' lang='lat' dir='ltr'>in</span> <span class='ocrx_word' id='word_1_229' title='bbox 928 1965 980 1992; x_wconf 91' lang='lat' dir='ltr'>ea</span> <span class='ocrx_word' id='word_1_230' title='bbox 1003 1951 1104 1995; x_wconf 85' lang='lat' dir='ltr'>fide,</span> <span class='ocrx_word' id='word_1_231' title='bbox 1133 1964 1268 2004; x_wconf 90' lang='lat' dir='ltr'>quam</span> <span class='ocrx_word' id='word_1_232' title='bbox 1293 1949 1385 1990; x_wconf 89' lang='lat' dir='ltr'>illis</span> <span class='ocrx_word' id='word_1_233' title='bbox 1411 1950 1686 1995; x_wconf 76' lang='lat' dir='ltr'>iuraverant,</span> 
     </span>
     <span class='ocr_line' id='line_1_37' title="bbox 204 2008 1688 2064; baseline -0.001 -14"><span class='ocrx_word' id='word_1_234' title='bbox 204 2010 363 2050; x_wconf 80' lang='lat' dir='ltr'>testati</span> <span class='ocrx_word' id='word_1_235' title='bbox 396 2012 515 2058; x_wconf 80' lang='lat' dir='ltr'>sunt,</span> <span class='ocrx_word' id='word_1_236' title='bbox 550 2010 671 2063; x_wconf 90' lang='lat' dir='ltr'>quod</span> <span class='ocrx_word' id='word_1_237' title='bbox 705 2024 785 2064; x_wconf 91' lang='lat' dir='ltr'>pro</span> <span class='ocrx_word' id='word_1_238' title='bbox 818 2010 946 2050; x_wconf 88' lang='lat' dir='ltr'>nulla</span> <span class='ocrx_word' id='word_1_239' title='bbox 979 2024 1026 2050; x_wconf 89' lang='lat' dir='ltr'>re</span> <span class='ocrx_word' id='word_1_240' title='bbox 1060 2009 1150 2050; x_wconf 85' lang='lat' dir='ltr'>alia</span> <span class='ocrx_word' id='word_1_241' title='bbox 1182 2009 1268 2049; x_wconf 89' lang='lat' dir='ltr'>nisi</span> <span class='ocrx_word' id='word_1_242' title='bbox 1301 2008 1396 2049; x_wconf 91' lang='lat' dir='ltr'>sola</span> <span class='ocrx_word' id='word_1_243' title='bbox 1427 2008 1688 2061; x_wconf 85' lang='lat' dir='ltr'>ignorantia</span> 
     </span>
     <span class='ocr_line' id='line_1_38' title="bbox 202 2067 1690 2123; baseline -0.001 -15"><span class='ocrx_word' id='word_1_244' title='bbox 202 2069 439 2121; x_wconf 87' lang='lat' dir='ltr'>regionum</span> <span class='ocrx_word' id='word_1_245' title='bbox 472 2069 519 2109; x_wconf 90' lang='lat' dir='ltr'>id</span> <span class='ocrx_word' id='word_1_246' title='bbox 553 2082 767 2123; x_wconf 86' lang='lat' dir='ltr'>peragere</span> <span class='ocrx_word' id='word_1_247' title='bbox 801 2069 1019 2110; x_wconf 85' lang='lat' dir='ltr'>differret.</span> <span class='ocrx_word' id='word_1_248' title='bbox 1073 2067 1218 2119; x_wconf 83' lang='lat' dir='ltr'>Quam</span> <span class='ocrx_word' id='word_1_249' title='bbox 1253 2068 1309 2108; x_wconf 90' lang='lat' dir='ltr'>ob</span> <span class='ocrx_word' id='word_1_250' title='bbox 1342 2081 1437 2109; x_wconf 90' lang='lat' dir='ltr'>rem</span> <span class='ocrx_word' id='word_1_251' title='bbox 1471 2069 1612 2121; x_wconf 85' lang='lat' dir='ltr'>pater,</span> <span class='ocrx_word' id='word_1_252' title='bbox 1637 2071 1690 2107; x_wconf 84' lang='lat' dir='ltr'>ut</span> 
     </span>
     <span class='ocr_line' id='line_1_39' title="bbox 203 2126 1689 2181; baseline -0.001 -14"><span class='ocrx_word' id='word_1_253' title='bbox 203 2127 390 2180; x_wconf 84' lang='lat' dir='ltr'>aequius</span> <span class='ocrx_word' id='word_1_254' title='bbox 422 2127 581 2176; x_wconf 82' lang='lat' dir='ltr'>valuit,</span> <span class='ocrx_word' id='word_1_255' title='bbox 614 2141 805 2181; x_wconf 89' lang='lat' dir='ltr'>regnum</span> <span class='ocrx_word' id='word_1_256' title='bbox 839 2130 997 2169; x_wconf 72' lang='lat' dir='ltr'>omnee</span> <span class='ocrx_word' id='word_1_257' title='bbox 1027 2127 1195 2181; x_wconf 87' lang='lat' dir='ltr'>absque</span> <span class='ocrx_word' id='word_1_258' title='bbox 1220 2126 1430 2167; x_wconf 88' lang='lat' dir='ltr'>Baioaria</span> <span class='ocrx_word' id='word_1_259' title='bbox 1463 2139 1564 2166; x_wconf 91' lang='lat' dir='ltr'>cum</span> <span class='ocrx_word' id='word_1_260' title='bbox 1597 2126 1689 2166; x_wconf 89' lang='lat' dir='ltr'>suis</span> 
     </span>
     <span class='ocr_line' id='line_1_40' title="bbox 204 2185 1689 2240; baseline -0.001 -14"><span class='ocrx_word' id='word_1_261' title='bbox 204 2186 378 2233; x_wconf 84' lang='lat' dir='ltr'>divisit;</span> <span class='ocrx_word' id='word_1_262' title='bbox 429 2188 475 2227; x_wconf 91' lang='lat' dir='ltr'>et</span> <span class='ocrx_word' id='word_1_263' title='bbox 519 2200 545 2226; x_wconf 89' lang='lat' dir='ltr'>a</span> <span class='ocrx_word' id='word_1_264' title='bbox 586 2186 714 2227; x_wconf 83' lang='lat' dir='ltr'>Mosa</span> <span class='ocrx_word' id='word_1_265' title='bbox 761 2189 937 2240; x_wconf 86' lang='lat' dir='ltr'>partem</span> <span class='ocrx_word' id='word_1_266' title='bbox 985 2186 1233 2227; x_wconf 88' lang='lat' dir='ltr'>australem</span> <span class='ocrx_word' id='word_1_267' title='bbox 1282 2185 1538 2226; x_wconf 87' lang='lat' dir='ltr'>Lodharius</span> <span class='ocrx_word' id='word_1_268' title='bbox 1587 2198 1689 2225; x_wconf 89' lang='grc'>011111</span> 
     </span>
     <span class='ocr_line' id='line_1_41' title="bbox 202 2245 1690 2299; baseline -0.001 -14"><span class='ocrx_word' id='word_1_269' title='bbox 202 2245 294 2285; x_wconf 84' lang='lat' dir='ltr'>suis</span> <span class='ocrx_word' id='word_1_270' title='bbox 336 2245 488 2298; x_wconf 86' lang='lat' dir='ltr'>elegit,</span> <span class='ocrx_word' id='word_1_271' title='bbox 542 2245 651 2299; x_wconf 88' lang='lat' dir='ltr'>quin</span> <span class='ocrx_word' id='word_1_272' title='bbox 692 2246 829 2286; x_wconf 91' lang='lat' dir='ltr'>immo</span> <span class='ocrx_word' id='word_1_273' title='bbox 871 2247 918 2286; x_wconf 90' lang='lat' dir='ltr'>et</span> <span class='ocrx_word' id='word_1_274' title='bbox 959 2245 1148 2299; x_wconf 79' lang='lat' dir='ltr'>accepit,</span> <span class='ocrx_word' id='word_1_275' title='bbox 1197 2245 1434 2286; x_wconf 84' lang='lat' dir='ltr'>occiduam</span> <span class='ocrx_word' id='word_1_276' title='bbox 1474 2257 1593 2292; x_wconf 82' lang='lat' dir='ltr'>vero,</span> <span class='ocrx_word' id='word_1_277' title='bbox 1638 2247 1690 2283; x_wconf 84' lang='lat' dir='ltr'>ut</span> 
     </span>
     <span class='ocr_line' id='line_1_42' title="bbox 203 2303 1689 2357; baseline -0.001 -13"><span class='ocrx_word' id='word_1_278' title='bbox 203 2303 375 2345; x_wconf 82' lang='lat' dir='ltr'>Karolo</span> <span class='ocrx_word' id='word_1_279' title='bbox 409 2304 706 2347; x_wconf 73' lang='lat' dir='ltr'>conferretur.</span> <span class='ocrx_word' id='word_1_280' title='bbox 749 2304 978 2346; x_wconf 88' lang='lat' dir='ltr'>consensit</span> <span class='ocrx_word' id='word_1_281' title='bbox 1011 2307 1055 2345; x_wconf 91' lang='lat' dir='ltr'>et</span> <span class='ocrx_word' id='word_1_282' title='bbox 1089 2317 1180 2344; x_wconf 84' lang='lat' dir='ltr'>una</span> <span class='ocrx_word' id='word_1_283' title='bbox 1222 2318 1322 2345; x_wconf 91' lang='lat' dir='ltr'>cum</span> <span class='ocrx_word' id='word_1_284' title='bbox 1366 2305 1495 2357; x_wconf 89' lang='lat' dir='ltr'>patre</span> <span class='ocrx_word' id='word_1_285' title='bbox 1538 2316 1689 2343; x_wconf 86' lang='lat' dir='ltr'>coram</span> 
     </span>
     <span class='ocr_line' id='line_1_43' title="bbox 203 2362 1687 2417; baseline -0.001 -15"><span class='ocrx_word' id='word_1_286' title='bbox 203 2363 326 2403; x_wconf 87' lang='lat' dir='ltr'>omni</span> <span class='ocrx_word' id='word_1_287' title='bbox 372 2363 541 2417; x_wconf 91' lang='lat' dir='ltr'>populo</span> <span class='ocrx_word' id='word_1_288' title='bbox 587 2363 654 2404; x_wconf 87' lang='lat' dir='ltr'>ita</span> <span class='ocrx_word' id='word_1_289' title='bbox 701 2377 746 2404; x_wconf 90' lang='lat' dir='ltr'>se</span> <span class='ocrx_word' id='word_1_290' title='bbox 787 2363 905 2404; x_wconf 81' lang='lat' dir='ltr'>velle</span> <span class='ocrx_word' id='word_1_291' title='bbox 953 2363 1286 2404; x_wconf 70' lang='lat' dir='ltr'>annuntiavit4.</span> <span class='ocrx_word' id='word_1_292' title='bbox 1365 2362 1486 2403; x_wconf 91' lang='lat' dir='ltr'>Hinc</span> <span class='ocrx_word' id='word_1_293' title='bbox 1535 2364 1687 2402; x_wconf 86' lang='lat' dir='ltr'>autem</span> 
     </span>
     <span class='ocr_line' id='line_1_44' title="bbox 203 2421 1688 2476; baseline -0.001 -15"><span class='ocrx_word' id='word_1_294' title='bbox 203 2424 334 2475; x_wconf 80' lang='lat' dir='ltr'>pater</span> <span class='ocrx_word' id='word_1_295' title='bbox 364 2422 542 2469; x_wconf 75' lang='lat' dir='ltr'>fratres,</span> <span class='ocrx_word' id='word_1_296' title='bbox 578 2425 714 2476; x_wconf 90' lang='lat' dir='ltr'>prout</span> <span class='ocrx_word' id='word_1_297' title='bbox 745 2422 903 2468; x_wconf 71' lang='lat' dir='ltr'>valuit,</span> <span class='ocrx_word' id='word_1_298' title='bbox 939 2423 1176 2463; x_wconf 85' lang='lat' dir='ltr'>unanimes</span> <span class='ocrx_word' id='word_1_299' title='bbox 1220 2421 1386 2465; x_wconf 77' lang='lat' dir='ltr'>effecit,</span> <span class='ocrx_word' id='word_1_300' title='bbox 1429 2434 1593 2474; x_wconf 84' lang='lat' dir='ltr'>rogans</span> <span class='ocrx_word' id='word_1_301' title='bbox 1638 2434 1688 2461; x_wconf 82' lang='lat' dir='ltr'>ac</span> 
     </span>
     <span class='ocr_line' id='line_1_45' title="bbox 204 2479 1689 2535; baseline -0.001 -15"><span class='ocrx_word' id='word_1_302' title='bbox 204 2481 463 2534; x_wconf 76' lang='lat' dir='ltr'>deprecans,</span> <span class='ocrx_word' id='word_1_303' title='bbox 495 2483 547 2521; x_wconf 91' lang='lat' dir='ltr'>ut</span> <span class='ocrx_word' id='word_1_304' title='bbox 572 2481 767 2522; x_wconf 85' lang='lat' dir='ltr'>invicem</span> <span class='ocrx_word' id='word_1_305' title='bbox 795 2494 840 2522; x_wconf 87' lang='lat' dir='ltr'>se</span> <span class='ocrx_word' id='word_1_306' title='bbox 868 2481 1112 2535; x_wconf 88' lang='lat' dir='ltr'>diligerent</span> <span class='ocrx_word' id='word_1_307' title='bbox 1127 2481 1153 2529; x_wconf 76' lang='lat'>5,</span> <span class='ocrx_word' id='word_1_308' title='bbox 1183 2483 1227 2521; x_wconf 89' lang='lat' dir='ltr'>et</span> <span class='ocrx_word' id='word_1_309' title='bbox 1250 2482 1303 2520; x_wconf 92' lang='lat' dir='ltr'>ut</span> <span class='ocrx_word' id='word_1_310' title='bbox 1325 2479 1442 2520; x_wconf 86' lang='lat' dir='ltr'>alter</span> <span class='ocrx_word' id='word_1_311' title='bbox 1465 2480 1520 2520; x_wconf 89' lang='lat' dir='ltr'>ab</span> <span class='ocrx_word' id='word_1_312' title='bbox 1545 2479 1689 2520; x_wconf 87' lang='lat' dir='ltr'>altero</span> 
     </span>
    </p>
   </div>
   <div class='ocr_carea' id='block_1_12' title="bbox 203 2575 1688 2727">
    <p class='ocr_par' dir='ltr' id='par_1_12' title="bbox 203 2575 1688 2727">
     <span class='ocr_line' id='line_1_46' title="bbox 203 2575 1688 2615; baseline -0.001 -14"><span class='ocrx_word' id='word_1_313' title='bbox 203 2578 230 2602; x_wconf 42' lang='lat' dir='ltr'>a}</span> <span class='ocrx_word' id='word_1_314' title='bbox 257 2578 280 2601; x_wconf 77' lang='lat' dir='ltr'>si</span> <span class='ocrx_word' id='word_1_315' title='bbox 306 2585 335 2615; x_wconf 54' lang='grc' dir='ltr'>ιεὲ</span> <span class='ocrx_word' id='word_1_316' title='bbox 439 2577 467 2601; x_wconf 82' lang='lat' dir='ltr'>b·</span> <span class='ocrx_word' id='word_1_317' title='bbox 494 2577 624 2602; x_wconf 64' lang='lat' dir='ltr'>indulxit</span> <span class='ocrx_word' id='word_1_318' title='bbox 651 2585 725 2603; x_wconf 83' lang='lat' dir='ltr'>corr.</span> <span class='ocrx_word' id='word_1_319' title='bbox 753 2576 884 2603; x_wconf 78' lang='lat' dir='ltr'>indulsit.</span> <span class='ocrx_word' id='word_1_320' title='bbox 996 2579 1021 2605; x_wconf 64' lang='grc'>0)</span> <span class='ocrx_word' id='word_1_321' title='bbox 1048 2585 1101 2609; x_wconf 88' lang='lat' dir='ltr'>pro</span> <span class='ocrx_word' id='word_1_322' title='bbox 1128 2577 1279 2602; x_wconf 81' lang='lat' dir='ltr'>misseram</span> <span class='ocrx_word' id='word_1_323' title='bbox 1307 2584 1330 2604; x_wconf 80' lang='lat' dir='ltr'>c.</span> <span class='ocrx_word' id='word_1_324' title='bbox 1439 2575 1468 2607; x_wconf 72' lang='lat' dir='ltr'>d.)</span> <span class='ocrx_word' id='word_1_325' title='bbox 1495 2583 1560 2601; x_wconf 88' lang='lat' dir='ltr'>cum</span> <span class='ocrx_word' id='word_1_326' title='bbox 1587 2583 1640 2602; x_wconf 73' lang='lat' dir='ltr'>om,</span> <span class='ocrx_word' id='word_1_327' title='bbox 1666 2583 1688 2601; x_wconf 82' lang='lat' dir='ltr'>c.</span> 
     </span>
     <span class='ocr_line' id='line_1_47' title="bbox 204 2620 381 2638; baseline 0.006 -1"><span class='ocrx_word' id='word_1_328' title='bbox 204 2622 229 2637; x_wconf 55' lang='lat'>(1</span> <span class='ocrx_word' id='word_1_329' title='bbox 251 2620 336 2637; x_wconf 61' lang='lat' dir='ltr'>omn?</span> <span class='ocrx_word' id='word_1_330' title='bbox 359 2620 381 2638; x_wconf 76' lang='lat' dir='ltr'>C.</span> 
     </span>
     <span class='ocr_line' id='line_1_48' title="bbox 206 2681 1688 2727; baseline -0.003 -9"><span class='ocrx_word' id='word_1_331' title='bbox 206 2685 237 2718; x_wconf 75' lang='lat'>1¹</span> <span class='ocrx_word' id='word_1_332' title='bbox 266 2684 320 2725; x_wconf 80' lang='lat' dir='ltr'>Cf.</span> <span class='ocrx_word' id='word_1_333' title='bbox 347 2683 433 2718; x_wconf 78' lang='lat' dir='ltr'>Luc.</span> <span class='ocrx_word' id='word_1_334' title='bbox 453 2684 508 2725; x_wconf 84' lang='lat'>15,</span> <span class='ocrx_word' id='word_1_335' title='bbox 527 2685 593 2718; x_wconf 82' lang='lat'>21:</span> <span class='ocrx_word' id='word_1_336' title='bbox 619 2686 733 2727; x_wconf 82' lang='lat' dir='ltr'>pater,</span> <span class='ocrx_word' id='word_1_337' title='bbox 759 2682 906 2727; x_wconf 87' lang='lat' dir='ltr'>peccavi</span> <span class='ocrx_word' id='word_1_338' title='bbox 932 2682 968 2716; x_wconf 83' lang='lat' dir='ltr'>in</span> <span class='ocrx_word' id='word_1_339' title='bbox 995 2682 1135 2716; x_wconf 85' lang='lat' dir='ltr'>caelum</span> <span class='ocrx_word' id='word_1_340' title='bbox 1162 2684 1197 2716; x_wconf 90' lang='lat' dir='ltr'>et</span> <span class='ocrx_word' id='word_1_341' title='bbox 1223 2693 1345 2716; x_wconf 86' lang='lat' dir='ltr'>coram</span> <span class='ocrx_word' id='word_1_342' title='bbox 1369 2683 1415 2716; x_wconf 88' lang='lat' dir='ltr'>te.</span> <span class='ocrx_word' id='word_1_343' title='bbox 1505 2681 1542 2725; x_wconf 80' lang='lat'>2)</span> <span class='ocrx_word' id='word_1_344' title='bbox 1562 2681 1688 2714; x_wconf 76' lang='lat' dir='ltr'>Secun-</span> 
     </span>
    </p>
   </div>
   <div class='ocr_carea' id='block_1_13' title="bbox 203 2730 1690 2961">
    <p class='ocr_par' dir='ltr' id='par_1_13' title="bbox 203 2730 1690 2961">
     <span class='ocr_line' id='line_1_49' title="bbox 203 2730 1690 2774; baseline -0.002 -11"><span class='ocrx_word' id='word_1_345' title='bbox 203 2731 284 2763; x_wconf 73' lang='lat' dir='ltr'>dum</span> <span class='ocrx_word' id='word_1_346' title='bbox 311 2733 496 2774; x_wconf 79' lang='lat' dir='ltr'>antiquam</span> <span class='ocrx_word' id='word_1_347' title='bbox 522 2732 616 2764; x_wconf 76' lang='lat' dir='ltr'>iuris</span> <span class='ocrx_word' id='word_1_348' title='bbox 643 2731 845 2764; x_wconf 75' lang='lat' dir='ltr'>Germanici</span> <span class='ocrx_word' id='word_1_349' title='bbox 870 2731 1152 2764; x_wconf 66' lang='lat' dir='ltr'>consuetudinem</span> <span class='ocrx_word' id='word_1_350' title='bbox 1179 2731 1241 2762; x_wconf 78' lang='lat' dir='ltr'>hoc</span> <span class='ocrx_word' id='word_1_351' title='bbox 1268 2730 1340 2762; x_wconf 84' lang='lat' dir='ltr'>Ioco</span> <span class='ocrx_word' id='word_1_352' title='bbox 1359 2731 1522 2772; x_wconf 74' lang='lat' dir='ltr'>primum</span> <span class='ocrx_word' id='word_1_353' title='bbox 1548 2739 1690 2761; x_wconf 82' lang='lat' dir='ltr'>comme-</span> 
     </span>
     <span class='ocr_line' id='line_1_50' title="bbox 204 2776 1688 2820; baseline 0.001 -11"><span class='ocrx_word' id='word_1_354' title='bbox 204 2781 377 2810; x_wconf 77' lang='lat' dir='ltr'>moratam</span> <span class='ocrx_word' id='word_1_355' title='bbox 389 2788 403 2818; x_wconf 92' lang='lat'>,·</span> <span class='ocrx_word' id='word_1_356' title='bbox 436 2778 482 2819; x_wconf 79' lang='lat' dir='ltr'>cf.</span> <span class='ocrx_word' id='word_1_357' title='bbox 511 2778 548 2812; x_wconf 89' lang='lat' dir='ltr'>J.</span> <span class='ocrx_word' id='word_1_358' title='bbox 577 2779 728 2820; x_wconf 81' lang='lat' dir='ltr'>G›·imm‚</span> <span class='ocrx_word' id='word_1_359' title='bbox 754 2778 934 2811; x_wconf 70' lang='lat' dir='ltr'>‘Deutsche</span> <span class='ocrx_word' id='word_1_360' title='bbox 959 2777 1310 2810; x_wconf 57' lang='lat' dir='ltr'>Rechtsaltertzbner’</span> <span class='ocrx_word' id='word_1_361' title='bbox 1336 2777 1385 2810; x_wconf 83' lang='lat' dir='ltr'>ed.</span> <span class='ocrx_word' id='word_1_362' title='bbox 1412 2778 1445 2811; x_wconf 81' lang='lat'>4.</span> <span class='ocrx_word' id='word_1_363' title='bbox 1481 2776 1510 2816; x_wconf 88' lang='lat' dir='ltr'>I,</span> <span class='ocrx_word' id='word_1_364' title='bbox 1543 2787 1580 2819; x_wconf 84' lang='lat' dir='ltr'>p.</span> <span class='ocrx_word' id='word_1_365' title='bbox 1609 2777 1688 2810; x_wconf 85' lang='lat'>660.</span> 
     </span>
     <span class='ocr_line' id='line_1_51' title="bbox 203 2824 1689 2869; baseline -0.003 -10"><span class='ocrx_word' id='word_1_366' title='bbox 203 2825 239 2862; x_wconf 63' lang='lat'>3)</span> <span class='ocrx_word' id='word_1_367' title='bbox 266 2826 381 2857; x_wconf 72' lang='lat' dir='ltr'>Antea</span> <span class='ocrx_word' id='word_1_368' title='bbox 407 2826 635 2869; x_wconf 78' lang='lat' dir='ltr'>imperatoris</span> <span class='ocrx_word' id='word_1_369' title='bbox 659 2826 858 2859; x_wconf 74' lang='lat' dir='ltr'>ostiarium.</span> <span class='ocrx_word' id='word_1_370' title='bbox 979 2826 1016 2867; x_wconf 78' lang='lat'>4)</span> <span class='ocrx_word' id='word_1_371' title='bbox 1054 2825 1105 2857; x_wconf 79' lang='lat' dir='ltr'>De</span> <span class='ocrx_word' id='word_1_372' title='bbox 1131 2824 1261 2865; x_wconf 81' lang='lat' dir='ltr'>finibus</span> <span class='ocrx_word' id='word_1_373' title='bbox 1287 2824 1395 2856; x_wconf 77' lang='lat' dir='ltr'>huius</span> <span class='ocrx_word' id='word_1_374' title='bbox 1421 2824 1610 2856; x_wconf 63' lang='lat' dir='ltr'>dit-Isionis</span> <span class='ocrx_word' id='word_1_375' title='bbox 1645 2824 1689 2863; x_wconf 85' lang='lat' dir='ltr'>cf.</span> 
     </span>
     <span class='ocr_line' id='line_1_52' title="bbox 203 2870 1690 2915; baseline -0.001 -12"><span class='ocrx_word' id='word_1_376' title='bbox 203 2871 241 2905; x_wconf 87' lang='lat' dir='ltr'>J.</span> <span class='ocrx_word' id='word_1_377' title='bbox 268 2883 297 2906; x_wconf 73' lang='lat' dir='ltr'>v.</span> <span class='ocrx_word' id='word_1_378' title='bbox 324 2871 506 2905; x_wconf 72' lang='lat' dir='ltr'>Jasmund</span> <span class='ocrx_word' id='word_1_379' title='bbox 532 2873 554 2906; x_wconf 85' lang='lat' dir='ltr'>l.</span> <span class='ocrx_word' id='word_1_380' title='bbox 581 2882 607 2907; x_wconf 86' lang='lat' dir='ltr'>c.</span> <span class='ocrx_word' id='word_1_381' title='bbox 632 2884 667 2915; x_wconf 84' lang='lat' dir='ltr'>p.</span> <span class='ocrx_word' id='word_1_382' title='bbox 694 2874 748 2913; x_wconf 80' lang='lat'>18,</span> <span class='ocrx_word' id='word_1_383' title='bbox 781 2883 813 2906; x_wconf 87' lang='lat' dir='ltr'>n.</span> <span class='ocrx_word' id='word_1_384' title='bbox 835 2874 865 2907; x_wconf 90' lang='lat'>1.</span> <span class='ocrx_word' id='word_1_385' title='bbox 983 2872 1018 2915; x_wconf 77' lang='lat'>5)</span> <span class='ocrx_word' id='word_1_386' title='bbox 1046 2872 1122 2906; x_wconf 83' lang='lat' dir='ltr'>Ioh.</span> <span class='ocrx_word' id='word_1_387' title='bbox 1147 2873 1201 2913; x_wconf 89' lang='lat'>13,</span> <span class='ocrx_word' id='word_1_388' title='bbox 1225 2873 1287 2906; x_wconf 66' lang='lat'>34:</span> <span class='ocrx_word' id='word_1_389' title='bbox 1317 2874 1356 2905; x_wconf 84' lang='lat' dir='ltr'>ut</span> <span class='ocrx_word' id='word_1_390' title='bbox 1383 2874 1417 2905; x_wconf 83' lang='lat' dir='ltr'>et</span> <span class='ocrx_word' id='word_1_391' title='bbox 1443 2881 1506 2905; x_wconf 88' lang='lat' dir='ltr'>vos</span> <span class='ocrx_word' id='word_1_392' title='bbox 1531 2870 1690 2914; x_wconf 74' lang='lat' dir='ltr'>diligatis</span> 
     </span>
     <span class='ocr_line' id='line_1_53' title="bbox 204 2918 790 2961; baseline 0.005 -10"><span class='ocrx_word' id='word_1_393' title='bbox 204 2918 378 2961; x_wconf 76' lang='lat' dir='ltr'>invicem3</span> <span class='ocrx_word' id='word_1_394' title='bbox 405 2920 451 2960; x_wconf 83' lang='lat' dir='ltr'>cf.</span> <span class='ocrx_word' id='word_1_395' title='bbox 478 2919 562 2954; x_wconf 76' lang='lat' dir='ltr'>ibid.</span> <span class='ocrx_word' id='word_1_396' title='bbox 583 2921 638 2959; x_wconf 85' lang='lat'>15,</span> <span class='ocrx_word' id='word_1_397' title='bbox 660 2921 714 2954; x_wconf 71' lang='lat'>12.</span> <span class='ocrx_word' id='word_1_398' title='bbox 737 2922 790 2954; x_wconf 76' lang='lat'>17.</span> 
     </span>
    </p>
   </div>
  </div>
 </body>
</html>
