2125 3234
261 389 342 423 841.

213 923 287 954 Apr.
301 924 342 947 17.

356 268 403 301 22
647 262 905 297 NITHARDI
928 261 1292 298 fflSTORIARUM
1314 262 1469 298 LIBER
1492 262 1545 298 11.

358 397 512 425 omnes
543 383 702 437 rapine
734 383 1011 432 insisterent,
1043 385 1116 424 tot
1147 382 1325 423 talenta
1346 383 1445 423 auri
1466 396 1840 436 gemmarumque

356 442 613 482 infinitama
639 441 983 482 multitudinem
1014 440 1136 481 ferre
1167 440 1334 481 inlesos
1365 440 1593 482 valuisse?
1625 443 1683 490 et,
1717 442 1838 494 quod

358 500 552 542 maxime
597 500 855 540 mirandum
901 499 1051 539 fateor
1090 498 1210 548 fore,
1258 498 1455 551 qualiter
1494 499 1552 539 ad
1598 499 1839 540 definitum

357 559 508 600 locum
556 558 628 599 vel
676 559 798 598 certe
845 557 903 597 ad
950 558 1174 596 statutam
1220 555 1340 597 diem
1387 558 1434 596 et
1481 556 1639 597 horam
1685 557 1838 598 venire

359 618 584 670 poterant,
619 629 721 656 cum
752 627 836 655 nec
867 614 989 656 idem
1022 614 1234 664 Karolus,
1274 614 1357 655 ubi
1392 627 1438 655 se
1479 627 1672 667 suosque
1714 628 1840 668 opor·

359 670 523 723 tereth,
557 673 742 715 sciebat.
792 671 938 723 Quem
960 673 1144 726 quidem
1167 674 1380 714 eventum
1402 673 1526 713 haud
1549 672 1683 714 aliter
1705 686 1840 726 quam

359 745 545 773 munere
577 745 629 772 ac
659 733 778 771 nutu
811 730 965 771 divino
997 731 1142 771 visum
1175 732 1244 771 est
1276 730 1482 772 evenire⁰
1521 732 1744 785 potuisse;
1787 745 1839 772 ac

362 805 439 844 per
499 791 585 831 hoc
637 789 1024 830 commilitonibus
1086 790 1318 842 stuporem
1378 789 1536 831 iniecit
1596 803 1840 843 omnesque

359 849 600 889 maximam
642 848 701 888 ad
741 861 867 901 spem
909 847 1070 888 salutis
1110 848 1267 888 erexit.
1339 847 1460 888 Hinc
1501 861 1606 889 vero
1641 848 1840 889 Karolus

360 902 642 959 cunctaqued
688 907 849 947 cohors
895 905 1106 947 exultans
1152 906 1210 945 ad
1255 905 1377 946 festa
1425 905 1699 947 celebranda
1744 920 1839 948 sese

359 965 597 1006 convertit.
651 964 845 1018 Expleto
877 967 1030 1005 autem
1063 964 1184 1017 quod
1217 966 1412 1018 ceperat,
1442 964 1600 1005 missos
1623 964 1841 1006 Lodharii

361 1024 556 1077 benigne
588 1023 817 1077 excipiens
849 1022 1079 1064 convivari
1110 1036 1203 1062 una
1224 1035 1376 1063 secum
1399 1023 1653 1076 praecepit;
1677 1023 1840 1076 quibus

359 1085 417 1131 et,
450 1084 504 1122 ut
534 1081 583 1121 in
615 1081 864 1122 crastinum
895 1081 1110 1128 redirent,
1148 1080 1360 1127 iniunxit,
1403 1093 1483 1134 per
1523 1094 1627 1121 suos
1667 1083 1740 1122 see
1778 1095 1842 1122 re·

358 1154 629 1194 sponsurum
664 1140 718 1180 de
753 1153 817 1189 eo,
852 1140 973 1192 quod
1005 1139 1150 1180 frater
1181 1152 1288 1179 suus
1320 1138 1391 1179 illi
1413 1139 1721 1187 mandaverat,
1746 1154 1840 1194 pro-

358 1199 560 1240 mittens.
623 1198 681 1238 In
712 1198 943 1251 legatione
975 1211 1080 1238 vero
1114 1197 1332 1238 Lodharii
1369 1193 1718 1251 quaerebaturf,
1763 1212 1843 1239 cur

358 1257 527 1310 absque
569 1270 650 1298 suo
692 1269 914 1297 consensu
954 1256 1186 1305 terminos,
1229 1270 1340 1309 quos
1380 1256 1450 1296 illi
1491 1258 1728 1306 statuerat,
1774 1271 1842 1298 ex-

359 1316 562 1364 cederet;
596 1317 654 1365 et,
689 1315 796 1368 quia
820 1315 1007 1364 fecerat,
1042 1315 1217 1363 saltem,
1250 1315 1556 1368 ubicumqueg
1587 1315 1718 1355 illum
1743 1328 1842 1369 rep-

358 1374 572 1428 perirent,
604 1374 806 1422 mandat,
839 1375 892 1414 ut
923 1373 1107 1414 interim
1140 1386 1192 1414 eo
1224 1373 1324 1414 loco
1357 1373 1574 1426 quiescat,
1609 1374 1751 1415 donec
1772 1373 1843 1414 illi

358 1433 664 1481 mandaretur,
707 1432 745 1473 si
786 1433 844 1472 ad
886 1427 1140 1472 statutumh
1186 1431 1336 1472 locum
1378 1446 1436 1472 an
1477 1432 1581 1481 alio,
1623 1432 1703 1473 ubi
1744 1446 1843 1473 con-

357 1491 596 1544 gruentius
638 1490 709 1530 illi
749 1491 994 1540 videretur,
1037 1490 1191 1531 venire
1240 1490 1440 1531 deberet.
1519 1490 1717 1531 Karolus
1764 1504 1843 1544 per

357 1562 461 1589 suos
494 1551 680 1590 econtra
711 1561 757 1589 se
790 1548 847 1589 ob
880 1549 966 1589 hoc
998 1550 1197 1589 statutos
1237 1549 1456 1589 terminos
1498 1549 1739 1590 excessisse
1780 1563 1843 1590 re-

357 1608 555 1661 spondit,
596 1607 810 1660 quoniam
843 1607 898 1648 de
931 1607 1141 1648 omnibus
1183 1607 1313 1648 bonis
1354 1621 1435 1647 sua
1477 1620 1530 1648 ex
1571 1610 1700 1661 parte
1741 1603 1833 1648 illii

357 1666 587 1720 promissis
621 1680 672 1706 ac
704 1665 998 1707 iureiurando
1031 1665 1222 1706 firmatis
1254 1665 1372 1705 nihil
1405 1665 1570 1707 stabile
1612 1679 1707 1707 esse
1750 1680 1843 1720 per-

359 1724 495 1765 misit.
577 1724 696 1764 Nam
749 1738 932 1765 suorum
980 1724 1217 1765 hominum
1269 1724 1392 1765 ultra
1439 1725 1558 1777 quod
1613 1725 1843 1765 firmatum

356 1783 510 1824 fuerat
542 1783 813 1824 sollicitatos
846 1783 1065 1836 quosdam
1100 1778 1211 1823 suok
1245 1783 1334 1822 iuri
1376 1783 1557 1830 adiecit,
1591 1779 1833 1836 quosdam¹

358 1855 463 1883 vero
509 1841 606 1883 vita
652 1841 869 1895 privavit,
918 1841 1103 1895 insuper
1148 1854 1311 1894 regna,
1360 1855 1474 1894 quae
1522 1841 1728 1882 subiecta
1773 1841 1843 1882 illi

358 1900 540 1942 efficere
574 1900 746 1949 debuit,
780 1900 828 1939 in
860 1901 1084 1952 quantum
1116 1899 1275 1948 valuit,
1310 1899 1595 1953 perturbavit
1628 1902 1686 1949 et,
1721 1901 1842 1953 quod

358 1959 604 1999 maximum
648 1961 736 2007 est,
778 1958 827 1998 in
866 1958 1057 1999 fratrem
1101 1958 1331 1999 hostiliter
1370 1958 1504 1998 irruit
1545 1972 1627 1999 nec
1665 1972 1757 1999 non
1798 1960 1844 2000 et

358 2017 628 2071 suffragium
669 2031 695 2057 a
727 2017 918 2071 paganis
959 2016 1091 2057 illum
1124 2030 1337 2070 quaerere
1371 2017 1606 2071 compulit.
1659 2017 1843 2059 Verum—

357 2078 526 2126 tamen,
559 2089 819 2129 quanquam
852 2089 898 2116 se
932 2077 1043 2116 haec
1075 2076 1142 2116 ita
1174 2075 1450 2125 haberentm,
1484 2076 1531 2116 in
1555 2079 1842 2125 conventum,

350 2135 513 2188 quodn
566 2134 797 2175 communi
841 2148 1063 2176 consensu
1111 2136 1390 2183 statuerant,
1431 2134 1585 2175 venire
1633 2148 1679 2176 se
1726 2134 1843 2176 velle

358 2193 616 2242 mandavit3
650 2193 730 2234 ubi
762 2193 800 2233 si
832 2206 1116 2234 communem
1148 2192 1414 2242 utilitatem,
1458 2193 1527 2233 uti
1559 2193 1841 2247 promiserat,

358 2265 574 2305 quaerere
607 2265 659 2293 ac
691 2253 893 2292 statuere
925 2251 1078 2301 vellet,
1113 2251 1225 2292 sibi⁰
1264 2251 1465 2305 placere;
1504 2252 1574 2292 sin
1607 2252 1753 2301 aliter,
1788 2253 1844 2293 de

358 2324 512 2364 regno,
555 2311 676 2364 quod
709 2310 834 2351 Deus
875 2312 1094 2364 paterque
1135 2324 1243 2351 suus
1285 2324 1468 2351 suorum
1512 2324 1733 2351 consensu
1774 2310 1845 2351 illi

359 2369 594 2418 dederatt’‚
629 2369 829 2410 consiliis
852 2382 1035 2409 suorum
1059 2368 1263 2410 fidelium
1293 2369 1341 2409 in
1362 2369 1571 2410 omnibus
1594 2369 1843 2411 secundum

360 2427 448 2469 Dei
487 2427 775 2469 voluntatem
822 2441 979 2482 parere
1021 2441 1067 2469 se
1109 2427 1327 2468 innotuit.
1406 2427 1464 2468 Et
1511 2428 1582 2468 his
1622 2428 1689 2468 ita
1731 2442 1844 2469 com—

360 2486 520 2540 positis
560 2487 681 2527 idem
722 2486 810 2527 iter
857 2486 1050 2540 arripuit
1097 2488 1234 2539 atque
1281 2487 1338 2527 ad
1387 2486 1646 2540 praefatum
1694 2487 1843 2528 locum

283 2560 342 2583 «ἐτ.
361 2545 508 2599 pridie
526 2548 544 2573 ‘¹
573 2559 708 2598 quam
772 2548 1075 2586 conveneratr
1133 2545 1391 2599 praevenit.
1481 2544 1606 2596 Quo⁵
1661 2546 1843 2599 quidem

358 2603 616 2645 Lodharius
638 2603 782 2644 veluti
815 2618 868 2644 ex
901 2603 1110 2645 consulto
1133 2604 1286 2645 venire
1314 2603 1508 2653 distulit,
1532 2607 1844 2645 verumtamen

359 2663 519 2703 missos
550 2662 685 2703 variis
718 2663 1011 2716 querimoniis
1043 2662 1236 2704 refertos
1261 2663 1526 2716 frequenter
1548 2663 1762 2704 mittebat
1784 2666 1843 2709 et,

358 2754 387 2782 ει)
408 2753 551 2777 infinitam
571 2753 613 2777 bis
635 2754 772 2783 scriptum
794 2754 820 2776 in
842 2760 864 2777 c.
957 2753 985 2781 l.)
1008 2753 1046 2778 Jl,
1068 2753 1204 2784 anque&
1226 2755 1274 2777 NS.
1295 2753 1365 2780 1⁷11.
1383 2762 1414 2784 ρ.
1431 2755 1473 2780 20,
1495 2762 1521 2778 ιι.
1544 2762 1580 2778 a:
1606 2754 1680 2784 sorte·
1700 2754 1844 2783 legendum

359 2796 484 2818 suosque
505 2796 568 2813 csse
589 2791 755 2819 operum-M
782 2789 866 2811 aliter·
885 2788 911 2814 .Ι,
936 2796 958 2813 ι’.
981 2789 1122 2811 das-mund
1142 2789 1162 2814 l.
1183 2796 1206 2813 c.
1223 2797 1253 2819 p.
1271 2789 1312 2814 33.
1336 2790 1536 2820 imm-prelatus
1556 2792 1603 2815 est.
1676 2790 1703 2820 c)
1723 2790 1845 2813 {neuim

357 2831 433 2847 carr.
455 2824 584 2849 euenire,
677 2824 706 2853 (ἰ)
725 2827 890 2859 cunctaqug·
909 2831 932 2848 ι’.
1026 2830 1052 2850 υ]
1073 2831 1104 2848 so
1124 2831 1213 2854 supr-(1
1232 2824 1335 2848 lineam
1355 2825 1493 2848 additum.
1581 2825 1601 2847 ί)
1622 2825 1802 2860 ‹lug-robatur
1821 2832 1844 2848 c.

359 2864 385 2886 κ)
407 2859 486 2888 umen
510 2867 532 2885 c.
623 2859 652 2890 h)
679 2863 757 2884 statu
777 2866 799 2883 c.
894 2860 912 2885 i)
937 2859 993 2882 illis
1014 2866 1036 2882 c.
1130 2859 1160 2890 k)
1186 2866 1254 2883 suus
1280 2867 1302 2885 r.
1396 2860 1415 2888 1>
1435 2859 1568 2889 Quodam
1590 2867 1665 2884 corr.
1687 2858 1846 2889 Qnosdnm.

357 2902 397 2918 ω)
425 2895 547 2918 haberet
573 2901 595 2920 c.
690 2895 719 2921 n)
739 2896 779 2918 sic
798 2902 844 2919 r.:
869 2895 905 2922 cf.
932 2902 960 2923 μ.
983 2896 1023 2920 12,
1046 2894 1064 2920 Ι,
1086 2894 1129 2918 81.
1224 2896 1250 2923 υ)
1272 2895 1326 2925 sipi
1347 2902 1421 2918 corr.
1443 2895 1508 2918 sibi.
1602 2897 1629 2925 pl
1651 2896 1692 2918 sa'c
1711 2903 1754 2920 ι·.,·
1773 2895 1847 2924 forte

357 2928 501 2954 dederunt
528 2930 741 2954 ennendamlmn.
834 2936 864 2959 q)
883 2928 979 2965 primii:
1006 2938 1026 2954 ι’.
1122 2932 1146 2958 r)
1175 2934 1297 2954 uenerat
1323 2937 1366 2956 ‹·.‚·
1391 2930 1426 2959 cs,
1447 2930 1541 2960 λίπ’-ιω·
1563 2938 1613 2954 ron
1636 2930 1758 2953 Knonau
1779 2930 1798 2955 I.
1821 2937 1844 2954 c.

352 2973 386 2996 p.
408 2967 451 2995 98,
477 2974 504 2991 n.
526 2966 586 2989 113.
670 2973 692 2988 μ)
714 2963 798 2995 Quod
819 2972 841 2989 c.

1867 924 1902 948 10

1869 1214 1903 1239 15

1869 1505 1905 1530 20

1869 1797 1905 1823 25

1870 2091 1906 2116 30

1870 2385 1905 2411 35

1870 2680 1907 2704 40

1871 2897 1907 2922 45
