2125 3234
301 418 383 453 842.

244 1873 282 1903 cf.
295 1873 321 1897 1.
332 1872 401 1902 Req.

265 1909 313 1940 15,
322 1907 366 1933 28.

395 297 444 331 40
680 293 938 329 NITHARDI
962 293 1324 330 HISTORIARUM
1347 293 1504 329 LIBER
1527 293 1595 328 IV.

544 418 580 457 1.
612 414 766 468 Usque
788 414 1081 455 Lodhuvicus
1103 416 1150 455 et
1171 414 1370 455 Karolus
1391 414 1670 455 Lodharium
1693 428 1719 455 a
1741 427 1882 468 regno

399 487 482 514 suo
530 473 677 514 abisse
725 473 860 514 certis
909 472 1090 512 indiciis
1137 485 1405 525 cognovere,
1454 473 1598 525 Aquis
1644 472 1880 526 palatium,

399 532 522 585 quod
543 533 654 572 tunc
677 531 804 572 sedes
827 530 973 584 prima
994 529 1208 570 Frantiae
1241 532 1386 579 erata,
1418 532 1640 583 petentes,
1674 530 1883 584 sequenti

400 603 507 631 vero
549 590 635 639 die,
678 588 788 642 quid
830 587 1082 629 consultius
1115 588 1171 628 de
1202 587 1372 642 populo
1414 601 1465 629 ac
1502 601 1642 641 regno
1683 602 1710 628 a
1740 589 1883 629 fratre

399 648 562 689 relicto
600 647 827 700 agendum
858 646 1102 694 videretur,
1137 646 1446 687 deliberaturi.
1495 646 1555 686 Et
1586 646 1770 699 quidem
1802 646 1885 700 pri-

402 720 527 746 mum
549 705 695 746 visum
718 707 799 753 est,
832 706 886 744 ut
916 717 1010 745 rem
1043 704 1100 745 ad
1127 705 1360 758 episcopos
1393 705 1748 758 sacerdotesque,
1783 718 1886 758 quo—

402 778 504 804 rum
546 763 705 804 aderat
746 776 850 817 pars
891 762 1100 811 maxima,
1144 762 1418 811 conferrent,
1467 765 1520 803 ut
1563 762 1746 804 illorum
1788 776 1887 804 con-

405 822 532 863 sultu
556 821 701 863 veluti
727 821 913 862 numine
941 821 1094 861 divino
1121 821 1284 861 harum
1310 835 1461 862 rerum
1490 821 1725 862 exordium
1751 823 1888 874 atque

405 875 681 921 auotoritasb
719 879 1000 933 proderetur.
1072 878 1132 919 Et
1179 879 1264 920 hoc
1311 879 1417 929 illis,
1466 880 1678 933 quoniam
1726 880 1889 921 merito

404 940 558 979 ratum
579 937 835 986 videbatur,
869 937 1158 978 commissum
1180 939 1260 978 est.
1310 936 1485 987 Quibus
1518 938 1574 978 ab
1600 938 1734 979 initio
1761 940 1890 991 gesta

407 997 627 1038 Lodharii
659 996 1067 1045 considerantibus,
1101 995 1326 1049 quomodo
1360 998 1536 1049 patrem
1577 1009 1709 1036 suum
1750 1009 1890 1049 regno

407 1055 650 1110 pepulerit,
695 1054 872 1107 quoties
912 1054 1133 1108 populum
1176 1053 1488 1094 Christianum
1534 1054 1767 1108 periurum
1811 1067 1892 1094 sua

409 1113 690 1167 cupiditate⁰
729 1112 946 1162 effecerit,
990 1112 1168 1165 quoties
1199 1112 1320 1153 idem
1353 1113 1448 1166 ipse
1481 1112 1581 1162 hoc,
1619 1113 1741 1166 quod
1773 1112 1894 1166 patri

407 1172 718 1225 fratribusque
759 1171 1002 1219 iuraverat,
1045 1171 1348 1220 frustraverit,
1387 1171 1566 1224 quoties
1609 1173 1710 1225 post
1751 1171 1894 1224 patris

409 1230 587 1271 obitum
609 1230 776 1270 fratres
802 1243 906 1270 suos
933 1229 1247 1270 exhereditare
1276 1231 1413 1282 atque
1437 1229 1587 1271 delere
1608 1231 1892 1283 temptasset,

409 1284 579 1342 quotad
616 1288 875 1338 homicidia,
910 1287 1149 1336 adulteria,
1182 1288 1395 1329 incendia
1426 1288 1758 1342 omnigenaque
1788 1288 1895 1328 faci-

410 1361 522 1388 nora
547 1346 817 1388 universalis
844 1346 1035 1388 ecelesia
1061 1360 1142 1387 sua
1166 1346 1496 1387 nefandissima
1523 1347 1774 1400 cupiditate
1801 1360 1895 1400 per-

410 1419 542 1460 pessa
583 1406 655 1455 sit,
701 1405 886 1459 insuper
933 1407 1087 1446 autem
1133 1418 1279 1458 neque
1327 1405 1564 1446 scientiam
1611 1405 1897 1458 gubernandi

409 1478 505 1505 rem
532 1463 763 1517 publicam
796 1464 929 1503 illum
955 1463 1122 1504 habere
1148 1476 1229 1504 nec
1257 1463 1486 1516 quoddam
1512 1463 1753 1517 vestigium
1779 1463 1896 1504 bone

411 1522 664 1563 voluntatis
696 1522 744 1562 in
777 1534 858 1562 sua
889 1521 1219 1575 gubernatione
1251 1521 1504 1574 quemlibet
1534 1522 1737 1563 invenire
1770 1534 1899 1575 posse

411 1581 638 1622 ferebant.
692 1579 869 1631 Quibus
902 1593 955 1621 ex
989 1580 1135 1621 causis
1166 1594 1258 1621 non
1289 1580 1516 1629 inmerito,
1550 1581 1628 1621 sed
1660 1580 1781 1621 iusto
1814 1579 1901 1621 Dei

413 1639 743 1693 omnipotentis
774 1638 944 1680 iudicio
967 1639 1164 1692 primum
1197 1652 1223 1679 a
1245 1639 1416 1693 proelio
1443 1641 1489 1680 et
1521 1639 1720 1680 secundo
1753 1652 1780 1680 a
1805 1652 1902 1692 pro-

414 1698 514 1752 prio
553 1710 695 1751 regno
728 1698 887 1750 fugam
925 1697 1057 1737 illum
1098 1697 1234 1738 inisse
1277 1698 1474 1738 aiebant.
1538 1697 1659 1750 Ergo
1691 1697 1902 1738 omnibus

414 1756 696 1798 unanimiter
727 1756 874 1797 visum
912 1758 980 1797 est
1022 1758 1158 1809 atque
1192 1756 1497 1805 consentiunt,
1533 1756 1653 1809 quod
1685 1756 1741 1797 ob
1775 1769 1902 1796 suam

414 1815 695 1868 nequitiam⁰
733 1814 937 1855 vindicta
969 1814 1056 1855 Dei
1096 1814 1228 1854 illum
1271 1814 1454 1856 eiecerit
1494 1827 1776 1868 regnumque
1816 1814 1903 1855 fra-

416 1873 566 1914 tribus
608 1873 700 1913 suis
733 1872 996 1914 melioribus
1030 1886 1076 1914 se
1116 1873 1236 1914 iuste
1275 1873 1332 1913 ad
1363 1873 1612 1926 regendum
1644 1873 1902 1914 tradiderit.

416 1932 746 1974 Verumtamen
779 1932 1133 1984 haudquaquam
1175 1931 1268 1972 illis
1301 1932 1418 1972 hanc
1458 1931 1692 1973 licentiam
1725 1932 1903 1979 dedere,

418 1991 562 2032 donec
580 1990 732 2044 palam
754 1989 858 2031 illos
876 1989 1134 2044 percontati
1156 1991 1275 2038 sunt,
1300 1992 1454 2030 utrum
1476 1989 1594 2030 illud
1617 2003 1696 2044 per
1714 1990 1906 2044 vestigia

415 2049 575 2090 fratris
604 2049 739 2090 eiecti
771 2062 829 2089 an
855 2049 1106 2090 secundum
1133 2048 1220 2090 Dei
1246 2048 1532 2089 voluntatem
1565 2062 1720 2103 regere
1745 2048 1907 2090 voluis·

417 2110 534 2149 sent.
581 2107 982 2161 Respondentibus
1015 2109 1182 2156 autem,
1216 2107 1264 2147 in
1287 2110 1509 2160 quantum
1536 2121 1666 2149 nosse
1700 2121 1751 2148 ac
1777 2120 1906 2162 posse

418 2166 545 2208 Deus
576 2166 670 2206 illis
704 2166 986 2214 concederet,
1021 2166 1270 2207 secundum
1303 2179 1430 2206 suam
1462 2166 1749 2207 voluntatem
1782 2179 1828 2207 se
1862 2168 1908 2206 et

419 2238 525 2266 suos
572 2224 826 2279 gubernare
870 2227 916 2266 et
956 2237 1111 2278 regere
1152 2224 1270 2266 velle
1318 2225 1468 2266 aiunt:
1519 2225 1592 2265 ‘Et
1632 2225 1908 2265 auctoritate

421 2284 589 2334 divina,
623 2285 676 2324 ut
707 2283 824 2324 illud
857 2283 1116 2337 suscipiatis
1150 2285 1195 2324 et
1227 2283 1478 2325 secundum
1505 2283 1593 2325 Dei
1621 2283 1908 2324 voluntatem

421 2342 539 2383 illud
586 2342 775 2395 regatis,
828 2355 1082 2391 monemus,
1132 2344 1336 2383 ortamur
1387 2344 1524 2395 atque
1577 2341 1908 2396 praecipimus'.

422 2401 545 2442 Hinc
589 2403 743 2442 autem
784 2404 975 2454 uterque
1016 2400 1200 2441 illorum
1244 2401 1484 2442 duodecim
1526 2413 1549 2442 e
1591 2401 1682 2442 suis
1725 2401 1782 2441 ad
1824 2401 1909 2441 hoc

422 2473 537 2513 opus
564 2459 716 2513 elegit,
750 2473 942 2513 quorum
975 2473 1092 2500 unus
1125 2459 1278 2509 extiti;
1313 2462 1359 2500 et
1386 2460 1504 2500 siout
1529 2459 1622 2500 illis
1644 2473 1908 2512 congruum,

423 2521 476 2559 ut
518 2518 639 2559 inter
678 2518 782 2559 illos
826 2518 911 2560 hoc
953 2531 1146 2572 regnum
1179 2518 1472 2567 divideretur,
1506 2519 1652 2559 visum
1686 2520 1767 2565 est,
1811 2531 1910 2559 con-

424 2577 544 2618 tenti
587 2579 715 2626 sunt;
758 2577 805 2618 in
838 2591 928 2630 qua
959 2577 1180 2618 divisione
1220 2591 1311 2618 non
1353 2579 1535 2618 tantum
1572 2576 1790 2618 fertilitas
1831 2579 1911 2616 aut

426 2649 542 2689 equa
594 2636 743 2690 portio
795 2636 942 2690 regni,
991 2638 1214 2689 quantum
1267 2636 1470 2676 affinitas
1518 2638 1563 2677 et
1613 2635 1911 2689 congruentia

425 2695 644 2748 cuiusque
677 2696 836 2749 aptata
869 2697 950 2736 est.
1004 2695 1259 2748 Evenitque
1291 2694 1558 2736 Lodhuvico
1590 2694 1735 2735 omnis
1768 2694 1911 2734 Frisia

425 2845 451 2873 n)
473 2842 552 2874 quod
573 2857 604 2861 —
627 2848 690 2868 erat
712 2851 766 2867 non
784 2850 838 2875 per
859 2843 1031 2868 Ninum-dum
1053 2844 1174 2868 eiusdem
1195 2844 1331 2875 temporis
1352 2847 1490 2869 auctorem
1511 2845 1629 2874 scripta.
1655 2844 1703 2868 sed
1718 2850 1773 2875 per
1791 2843 1913 2868 scr-'bem

419 2879 593 2909 posterioris
622 2880 683 2903 aeri
712 2880 841 2903 ridentur
869 2886 926 2904 essa
951 2880 1060 2905 addita.
1135 2880 1164 2911 b)
1191 2880 1344 2905 uir-toritas
1367 2887 1389 2906 c.
1470 2881 1495 2910 c)
1517 2878 1647 2911 cupidita
1672 2887 1695 2905 c.
1776 2877 1805 2907 d)
1831 2879 1870 2903 sic
1889 2885 1912 2903 c.

423 2917 451 2945 e)
472 2921 526 2940 sua
545 2915 678 2945 nequitia
697 2922 718 2941 c.

1917 953 1951 977 10

1921 1244 1954 1269 15

1925 1537 1960 1562 20

1929 1829 1964 1854 25

1934 2122 1969 2148 30

1936 2415 1970 2441 ³5

1938 2709 1972 2733 40
