2125 3234
274 406 354 440 834.

272 2002 353 2036 837.

366 284 390 317 8
673 279 930 316 NITHARDI
954 280 1318 316 HISTORIARUM
1341 280 1498 316 LIBER.
1521 281 1553 318 Ι.

369 401 419 442 in
465 401 646 442 Ararim
693 401 837 455 mergi
883 401 1136 455 praecepit,
1185 400 1483 442 Gozhelmum
1530 403 1578 443 et
1624 401 1854 444 Senilam¹

371 460 521 514 capite
553 460 747 514 punivit,
784 459 1000 500 Warino²
1031 461 1186 500 autem
1217 459 1359 499 vitam
1391 460 1579 500 donavit
1610 463 1669 510 et,
1712 463 1765 501 ut
1806 473 1853 502 se

371 518 585 572 deinceps
636 531 718 572 pro
764 517 936 558 viribus
982 517 1182 562 iuvaret,
1229 517 1522 558 iureiurando
1569 519 1852 559 constrinxit.

371 576 493 618 Hinc
535 578 687 617 autem
719 574 975 616 Lodharius
1017 577 1064 616 et
1104 575 1174 615 sui
1215 574 1392 616 duobus
1432 575 1616 629 praeliis
1655 576 1855 618 feliciter

370 635 510 688 gestis
554 633 894 687 magnanimesa
940 633 1115 683 effecti,
1163 633 1422 674 universum
1471 634 1712 688 imperium
1759 648 1854 688 per-

371 693 508 734 facile
540 692 754 733 invadere
787 694 1034 745 sperantes,
1067 691 1125 732 ad
1158 693 1310 733 cetera
1341 692 1639 733 deliberaturi
1660 692 1854 733 Aurilia-

370 764 554 792 nensem
588 750 746 791 urbem
779 752 958 804 petunt.
1031 749 1163 800 Quod
1205 752 1335 804 pater
1375 750 1564 792 audiens
1606 765 1629 793 e
1662 751 1855 792 Francia

370 822 508 850 manu
540 808 694 849 valida
726 808 931 857 collecta,
964 808 1150 862 insuper
1181 808 1459 850 Lodhuwico
1500 809 1594 850 filio
1629 823 1709 851 suo
1751 824 1854 851 cum

368 867 605 917 universis,
638 867 717 920 qui
747 869 873 908 trans
895 867 1074 908 Renum
1107 866 1416 917 morabantur,
1449 867 1496 908 in
1526 868 1745 908 auxilium
1768 868 1855 909 sibi

369 927 601 980 assumpto
632 926 815 966 tantum
847 925 1027 966 facinus
1060 939 1086 966 a
1117 925 1211 965 filio
1233 925 1282 965 in
1303 925 1544 979 imperium
1567 927 1854 968 commissum

368 979 710 1026 vindicaturusb
757 984 970 1038 perrexit.
1046 983 1302 1025 Lodharius
1343 997 1522 1037 quoque
1563 985 1721 1026 eadem
1762 999 1852 1039 spe,

369 1057 458 1097 qua
490 1043 688 1084 Francos
730 1043 956 1083 abducere
997 1044 1284 1091 consuera-tc,
1328 1042 1556 1083 animatus
1593 1043 1658 1084 ire
1696 1043 1855 1084 obvius

369 1105 519 1142 ratum
554 1101 705 1151 duxit;
747 1114 799 1141 ac
833 1114 913 1154 per
944 1101 1030 1142 hoc
1063 1101 1170 1142 hinc
1202 1100 1309 1141 inde
1351 1100 1589 1142 confluunt
1629 1115 1854 1156 supraque

369 1159 588 1200 fluvium³
627 1159 755 1199 iuxta
796 1155 980 1199 villamd
1028 1172 1142 1212 quae
1185 1158 1424 1200 Calvia-cus
1468 1159 1667 1201 dieitur4
1707 1162 1855 1201 castra

368 1220 559 1272 ponunt.
623 1217 712 1259 Sed
745 1218 922 1267 Franci,
957 1231 1009 1259 eo
1042 1218 1163 1271 quod
1195 1218 1516 1272 imperatorem
1558 1218 1626 1259 bis
1667 1219 1855 1273 relique-

367 1279 485 1325 rant,
519 1276 819 1330 poenitudine
852 1277 1049 1330 correpti
1081 1278 1140 1326 et,
1174 1278 1226 1317 ut
1259 1277 1422 1317 deinde
1455 1277 1549 1318 tale
1590 1277 1699 1331 quid
1741 1291 1855 1319 com-

369 1337 620 1384 mitterent,
664 1338 798 1389 turpe
829 1335 1086 1377 iudicantes
1120 1336 1178 1376 ad
1211 1335 1517 1377 defectionem
1547 1335 1753 1390 impelli⁵
1785 1337 1856 1377 de-

370 1394 550 1448 dignati
581 1396 711 1444 sunt;
755 1407 890 1447 quam
924 1394 980 1435 ob
1012 1407 1108 1435 rem
1150 1407 1253 1434 cum
1293 1407 1377 1435 nec
1417 1394 1528 1448 fuge
1570 1408 1652 1436 nec
1694 1395 1856 1448 proelii

368 1453 546 1494 locume
575 1453 763 1502 videret,
798 1466 851 1494 ea
882 1453 1095 1506 pactione
1127 1452 1368 1494 novissime
1401 1452 1623 1506 praelium
1657 1453 1854 1503 diremit,

367 1514 420 1551 ut
466 1511 588 1552 infra
633 1511 729 1553 dies
776 1513 974 1552 statutos
1015 1511 1211 1564 Alpibus
1259 1511 1497 1552 excederet
1544 1525 1595 1552 ac
1644 1512 1856 1566 deinceps

369 1570 466 1611 sine
514 1570 657 1624 patris
703 1570 902 1611 iussione
949 1570 1062 1610 fines
1105 1569 1322 1610 Franciae
1369 1570 1549 1623 ingredi
1594 1584 1686 1611 non
1734 1584 1856 1624 prae-

368 1630 567 1670 sumeret
615 1630 660 1670 et
708 1631 836 1669 extra
887 1628 1031 1682 patris
1080 1628 1366 1669 voluntatem
1419 1628 1466 1668 in
1518 1629 1614 1670 eius
1665 1629 1855 1683 imperio

370 1687 584 1742 deinceps
616 1687 733 1727 nihil
766 1687 916 1728 moliri
937 1689 1187 1741 temptaret
1202 1686 1229 1726 ⁶.
1279 1686 1411 1737 Quod
1435 1689 1481 1728 et
1508 1687 1574 1728 ita
1607 1701 1652 1728 se
1680 1690 1726 1729 et
1752 1701 1855 1728 suos

369 1748 628 1787 servaturos
660 1747 751 1786 tam
786 1746 824 1786 is
857 1759 992 1799 quam
1026 1748 1072 1787 et
1108 1746 1179 1786 sui
1220 1749 1504 1787 sacramento
1546 1747 1854 1788 firmaverunt.

513 1820 551 1856 6.
615 1816 702 1856 His
742 1816 810 1856 ita
856 1816 1118 1869 compositis
1159 1819 1301 1870 pater,
1350 1816 1419 1856 uti
1461 1819 1507 1857 et
1549 1830 1651 1857 cum
1692 1817 1855 1870 quibus

370 1877 689 1922 consueverat,
738 1875 978 1929 imperium
1019 1875 1221 1928 regebat.
1290 1875 1462 1916 Videns
1509 1878 1685 1925 autem,
1734 1877 1856 1929 quod

369 1933 566 1988 populus
597 1933 727 1974 nullo
759 1933 893 1974 modo
927 1933 1088 1974 diebus
1120 1933 1240 1974 vitae
1273 1947 1380 1974 suae
1413 1933 1545 1974 illum
1585 1934 1854 1988 relinquere,

368 1993 439 2032 uti
481 1994 796 2040 consueverat,
839 1991 998 2041 vellet,
1043 1994 1270 2033 conventu
1307 1992 1450 2046 Aquis
1492 1993 1640 2034 hieme
1681 1993 1856 2034 indicto

368 2051 622 2105 portionem
656 2051 787 2105 regni
820 2051 890 2092 his
922 2051 1130 2092 terminis
1162 2053 1370 2092 notatam
1403 2051 1575 2092 Karolo
1609 2052 1756 2092 dedit:
1800 2052 1856 2092 Id

349 2109 468 2166 ‘est7
500 2124 526 2150 a
558 2110 672 2150 mari
704 2123 785 2164 per
816 2110 928 2151 fines
961 2110 1184 2151 Saxoniae
1216 2123 1359 2164 usque
1392 2110 1449 2150 ad
1483 2111 1593 2151 fines
1622 2110 1856 2152 Ribuario-

368 2225 395 2254 a)
422 2224 616 2254 magnanimis
644 2231 718 2248 corr.
740 2224 951 2253 magnanimes.
1040 2224 1069 2255 b)
1095 2222 1267 2249 uindicatus
1291 2231 1366 2249 corr.
1388 2223 1602 2250 uindicaturus.
1693 2226 1719 2254 e)
1742 2226 1782 2249 sic
1807 2225 1857 2249 hor

367 2260 429 2284 Ioco
451 2266 474 2283 c.
549 2260 578 2292 d)
604 2259 699 2283 littera
718 2266 735 2284 a
756 2260 813 2291 vix,
840 2267 867 2283 m
888 2260 945 2283 ium
967 2266 1021 2283 non
1048 2260 1103 2290 qui
1122 2263 1225 2290 polest.
1299 2261 1326 2288 e)
1351 2260 1463 2290 siynum
1489 2260 1708 2284 abbreviationis
1732 2261 1855 2284 litteram

366 2302 394 2319 ιιι
414 2295 568 2325 desiynans
587 2295 715 2325 coynosci
734 2295 789 2318 iam
811 2302 865 2319 non
879 2297 983 2325 potest.

369 2390 403 2431 1)
424 2389 579 2423 Comites.
641 2389 677 2429 2)
698 2389 1008 2422 Matisconensium
1026 2390 1152 2423 comiti.
1215 2389 1250 2432 3)
1272 2389 1353 2422 Scil.
1370 2389 1538 2431 Liqerim.
1601 2391 1636 2427 4)
1652 2390 1854 2432 IIi›wmar.,

367 2436 419 2468 De
441 2436 526 2468 villa
545 2436 755 2478 Novilliaeo,
784 2436 845 2470 SS.
865 2435 950 2478 XV,
971 2447 1010 2478 p.
1031 2437 1121 2471 1168
1141 2435 1216 2477 (‘N.
1231 2435 1287 2470 A!
1303 2436 1451 2473 XXIII,
1478 2448 1512 2479 p.
1532 2438 1635 2478 197,ss
1665 2436 1709 2470 ad
1731 2436 1854 2470 villam

367 2492 459 2525 quae
485 2481 669 2516 Calciaeus
695 2482 837 2517 dicitur.
890 2483 958 2523 Qui
983 2484 1077 2516 locus
1102 2483 1200 2515 haud
1223 2484 1355 2526 procul
1380 2495 1402 2516 α
1429 2484 1531 2516 Bleso
1555 2484 1696 2516 castello
1720 2484 1856 2525 (Blois)

367 2531 477 2570 fuisse
501 2532 591 2563 situs
616 2530 760 2564 videtur.
804 2530 1042 2563 ΜιῖῙιΙὸασΙιω·
1069 2531 1090 2564 l.
1109 2542 1135 2564 c.
1162 2541 1219 2565 ur.
1239 2532 1348 2565 931d.
1377 2530 1856 2572 Chouzy(ca›1t.He›·hauIt)

366 2586 436 2610 esse
471 2581 591 2612 censet.
654 2578 769 2610 Aliter
805 2578 847 2611 A.
884 2577 967 2611 Chr.
1003 2577 1209 2619 Wedekind,
1245 2578 1364 2611 ‘Noton
1400 2589 1445 2610 zu
1480 2579 1617 2620 ee‘m'yen
1654 2578 1854 2611 Geschu'cht-

365 2623 586 2657 selu-eibern’
613 2624 671 2667 ΙΙ,
708 2636 744 2667 p.
775 2625 862 2665 449,
904 2636 935 2658 n.
969 2626 1055 2666 660,
1090 2626 1202 2657 vicum
1237 2624 1336 2658 hodie
1372 2625 1523 2666 Checilly
1559 2626 1774 2658 nominatum
1811 2625 1854 2657 ab

366 2672 624 2704 Aurelianensi
666 2671 749 2704 urbe
790 2673 1057 2714 septentrionem
1097 2682 1219 2705 versus
1256 2682 1372 2716 parvo
1407 2674 1523 2715 spatio
1558 2673 1745 2705 distantem
1785 2683 1856 2705 esse

360 2721 488 2760 puicu,-
513 2719 561 2759 cf.
587 2723 617 2751 et
642 2719 783 2751 Simson
808 2719 830 2753 Z.
857 2730 883 2753 c.
911 2719 961 2761 ΙΙ,
990 2731 1028 2762 p.
1057 2720 1135 2759 112,
1170 2730 1203 2753 n.
1230 2720 1261 2756 6.
1364 2719 1398 2759 5)
1427 2719 1525 2760 Quod
1550 2730 1633 2752 num
1660 2719 1855 2752 Lotharaus

365 2767 595 2808 temptarere't,
622 2765 858 2799 Miihlbacher
885 2766 906 2800 l.
924 2776 950 2800 c.
980 2777 1033 2801 nr.
1054 2767 1162 2801 931d.
1189 2766 1332 2799 dubium
1358 2777 1428 2799 esse
1450 2771 1569 2803 censet,
1653 2767 1688 2807 6)
1718 2766 1854 2799 Eadem

367 2813 438 2853 fere
474 2812 578 2845 rerba
611 2823 726 2856 supra
752 2823 779 2848 c.
806 2815 839 2853 3,
871 2825 908 2856 p.
935 2814 966 2847 4.
1083 2815 1118 2855 7)
1148 2814 1333 2856 Sequentia
1359 2824 1403 2846 ecc
1428 2813 1547 2845 tabula
1574 2817 1759 2856 assumpta
1786 2824 1855 2846 esse

366 2861 539 2902 videntur,
567 2871 674 2903 quam
699 2861 804 2893 etiam
831 2860 1058 2901 Prudentius,
1085 2862 1179 2895 Anu.
1208 2861 1343 2893 Berit'n.
1370 2872 1402 2895 (ι.
1429 2862 1510 2901 837,
1538 2861 1560 2895 Ι.
1585 2872 1611 2895 c.
1640 2872 1677 2903 ρ.
1706 2862 1760 2898 14.
1796 2871 1855 2893 ex-

365 2908 532 2950 scripsit5
566 2908 610 2948 cf.
637 2908 777 2941 St'mson
805 2907 825 2942 Ι.
852 2917 877 2942 c.
906 2907 956 2948 ΙΙ,
987 2920 1020 2950 1).
1051 2909 1129 2943 172.
1179 2908 1231 2940 De
1256 2908 1474 2941 comitatibus
1509 2909 1610 2948 iufra
1648 2910 1776 2940 noratis
1807 2908 1855 2948 cf.

1882 943 1916 967 10

1882 1234 1915 1259 15

1882 1527 1916 1551 20

1881 1831 1916 1855 25

1882 2124 1917 2150 30

1882 2447 1915 2472 35

1879 2685 1915 2709 40

1879 2919 1915 2944 -15
