2125 3234
419 940 980 1004 ANGELBERTI
1016 939 1518 1002 RHYTHMUS

388 1056 505 1118 DE
551 1054 854 1117 PUGNA
906 1051 1549 1116 FONTANETICA.

373 1211 485 1265 Cum
522 1221 574 1264 G.
607 1222 668 1263 H.
706 1222 833 1263 Perta
873 1222 908 1263 b.
950 1235 1002 1262 m.
1045 1220 1289 1274 Anyelberti
1335 1219 1573 1273 rhythmum
1614 1217 1707 1260 Nit-

227 1280 356 1322 hardi
387 1280 683 1322 Historiarum
714 1279 967 1322 editionibus
998 1279 1215 1331 prioribus
1250 1292 1270 1319 e
1301 1279 1385 1320 solo
1417 1277 1553 1319 codice
1584 1276 1707 1318 Pari-

180 1355 197 1379 5
227 1339 322 1381 sino
360 1338 621 1390 subdidisset,
663 1338 718 1380 E.
751 1338 974 1380 Ditmmler
1015 1337 1049 1378 b.
1091 1351 1143 1378 m.
1187 1336 1322 1378 tribus
1362 1335 1569 1377 codicibus
1608 1349 1709 1376 usus

228 1397 315 1439 iam
347 1412 386 1439 a.
416 1401 538 1449 1877,
573 1401 657 1438 tum
690 1412 730 1439 a.
758 1400 880 1438 1884.
914 1395 1026 1437 inter
1046 1395 1198 1437 Poetas
1224 1395 1319 1436 Lat.
1353 1393 1446 1436 aevi
1473 1393 1613 1436 Carol.
1637 1393 1706 1444 ΙΙ,

220 1471 266 1509 p.
305 1460 546 1497 137—139.
589 1470 680 1497 eum
711 1454 969 1498 emendatius
1000 1453 1141 1504 edidit,
1185 1452 1301 1495 cuius
1333 1456 1483 1494 textum
1516 1456 1554 1493 et
1584 1466 1709 1504 appa-

228 1518 367 1556 ratum
399 1513 588 1556 criticum
621 1513 775 1566 paucis
814 1512 986 1555 mutatis
1016 1513 1090 1554 hoc
1121 1513 1206 1554 Ioco
1237 1511 1471 1565 repetimus.
1541 1510 1710 1552 Codices

229 1577 350 1614 sunt:
390 1573 693 1614 Parisinus
734 1573 830 1614 Lat.
872 1586 939 1613 nr.
977 1574 1106 1623 1154,
1148 1570 1246 1612 olim
1288 1570 1331 1612 S.
1365 1568 1594 1611 Martialis
1634 1568 1708 1610 Le-

171 1647 204 1671 10
227 1631 484 1683 movicensis,
527 1645 632 1673 saec.
669 1631 734 1683 X,
776 1631 968 1684 siynatus
1007 1629 1149 1672 littera
1179 1629 1246 1681 L,·
1282 1629 1330 1670 F
1326 1627 1565 1670 abariensis
1599 1626 1708 1679 olim,

228 1704 341 1732 nunc
371 1689 535 1732 archivi
568 1690 613 1731 S.
646 1689 821 1741 Galli,
854 1702 961 1730 saec.
988 1688 1068 1729 IX
1087 1701 1169 1739 ean,
1202 1687 1394 1741 siynatus
1418 1687 1486 1738 17,-
1518 1685 1710 1727 comitum

229 1749 277 1790 de
293 1747 542 1790 Dzialinslci
559 1749 610 1789 K
617 1762 673 1789 or
683 1748 922 1789 nih-anus
936 1746 1184 1800 provinciae
1201 1744 1509 1788 Posnaniensis
1530 1758 1595 1786 nr.
1614 1747 1708 1796 124,

228 1821 334 1849 saec.
367 1806 463 1858 IX,
505 1806 698 1860 siynatus
729 1807 780 1847 P.
845 1806 929 1848 Sed
967 1805 1070 1847 liber
1107 1804 1339 1846 Parisinus
1380 1804 1497 1856 Ionye
1538 1802 1711 1855 reliquis

229 1865 386 1908 duobus
417 1869 628 1918 praestat,
671 1879 761 1907 cum
802 1864 850 1906 in
880 1864 923 1906 P
959 1863 1075 1905 lectio
1113 1876 1214 1905 ‘cera
1256 1862 1374 1904 haud
1417 1875 1519 1904 raro
1566 1866 1712 1903 temere

172 1940 204 1964 ιε»
229 1928 401 1976 mutata,
443 1923 548 1965 liber
577 1924 625 1965 F
651 1928 689 1966 et
717 1924 937 1965 mendosus
967 1926 1005 1964 et
1033 1921 1205 1963 mutilus
1245 1921 1301 1963 sit
1331 1920 1495 1962 omissis
1530 1919 1712 1972 strophis

222 1981 456 2036 postremis.
512 1981 648 2024 Codex
665 1982 707 2023 P
723 1995 818 2024 vero
835 1981 947 2023 solus
962 1981 1069 2022 duas
1089 1980 1282 2033 strophas
1303 1983 1508 2021 extremas
1525 1979 1709 2031 praebet.

236 2041 424 2084 Ceterum
470 2042 519 2082 de
560 2041 780 2095 prioribus
826 2039 1078 2082 editionibus
1123 2038 1322 2091 librisque
1367 2052 1497 2079 manu
1543 2036 1712 2089 scriptis

229 2100 323 2141 vide
353 2113 458 2152 quae
483 2099 537 2140 E.
561 2100 784 2141 Du'mmler
812 2099 838 2139 l.
863 2099 888 2140 Z.
922 2097 1139 2140 adnotavit
1149 2112 1165 2150 ,·
1196 2097 1250 2148 cf.
1284 2096 1410 2138 etiam
1434 2096 1501 2138 W.
1528 2096 1587 2137 W
1585 2099 1711 2136 atten-

230 2158 344 2211 bach,
380 2157 703 2200 ‘Deutschlands
741 2157 862 2210 GQ3,
895 2157 956 2198 ed.
982 2160 1034 2209 7.,
1068 2156 1108 2208 Ι,
1133 2170 1179 2208 p.
1205 2159 1288 2196 235
1311 2169 1384 2207 sq„
1417 2169 1460 2195 n.
1488 2159 1523 2194 1.
1574 2153 1711 2206 Scrip-

171 2234 205 2258 20
230 2221 349 2258 turae
395 2216 559 2258 neumis
604 2220 779 2258 ornatae
825 2215 977 2258 codicis
1023 2214 1222 2256 Parisini
1268 2213 1496 2265 exemplum
1547 2212 1712 2253 titulum

222 2275 487 2328 primamque
532 2275 744 2327 stropham
790 2274 1006 2316 continens
1052 2272 1166 2315 dedit
1209 2273 1264 2313 E.
1310 2273 1358 2314 de
1404 2271 1710 2321 Coussemaher,

232 2333 436 2375 ‘Histoire
482 2335 531 2375 de
577 2333 830 2375 Z’harmonie
876 2347 931 2374 au
977 2346 1124 2386 moyen
1170 2331 1266 2385 ἄρας’
1316 2328 1528 2381 (Parisiis
1578 2328 1711 2381 1852)

231 2393 312 2434 tab.
345 2392 391 2444 I,
429 2406 496 2434 nr.
531 2397 570 2433 3.

379 2461 559 2504 Carmen
599 2461 891 2504 abecedarium
923 2465 982 2503 est
1022 2464 1353 2502 tetrametrorum
1394 2457 1711 2500 trochaicorum.

171 2538 205 2562 25
231 2521 289 2562 In
335 2520 525 2574 linquam
570 2521 838 2563 vernaculam
890 2520 942 2562 G.
986 2520 1137 2572 DIeyer
1179 2532 1260 2559 von
1300 2518 1509 2569 Knonau,
1561 2516 1714 2559 ‘Ueber

231 2581 282 2621 N
281 2580 444 2621 ithards
474 2579 564 2621 vier
589 2579 760 2621 Bi'icher
797 2578 1081 2621 Geschichten’
1110 2592 1154 2631 p.
1182 2581 1276 2618 139.
1310 2576 1433 2618 vertit
1462 2575 1711 2629 rhythmum,

231 2638 349 2680 cuius
379 2637 609 2680 versionem
641 2638 696 2679 E.
729 2638 788 2678 M
788 2637 1022 2688 e'ihlbacher,
1063 2636 1282 2677 ‘Deutsche
1320 2634 1560 2677 Geschichte
1590 2637 1714 2675 unter

231 2698 310 2739 den
343 2696 649 2750 Karolinyern’
673 2711 718 2749 p.
744 2700 827 2737 435
851 2709 909 2748 sq.
943 2694 1147 2749 supplevi-t
1179 2698 1215 2736 et
1246 2692 1488 2736 emendavit.

1315 2789 1367 2830 Ε.
1402 2787 1622 2829 Miiller.
