2125 3234
188 975 222 1000 10

186 1267 220 1292 15

184 1560 219 1585 20

182 1852 217 1878 25

183 2440 217 2466 35

181 2752 218 2777 40

533 300 790 336 NITHARDI
815 299 1177 336 HISTORIARUM
1201 300 1356 336 LIBER
1380 300 1453 337 111.
1686 304 1733 338 35

250 423 398 464 fessus
429 421 668 462 Franciam
700 421 919 475 pervenit.
976 421 1199 475 Pippinus
1231 424 1397 470 autem,
1432 422 1551 475 quod
1585 435 1630 464 se
1662 422 1732 463 illi
1745 426 1824 460 842.

250 481 514 529 sociaverat,
547 480 817 534 penitudine
850 482 1084 534 correptus
1117 480 1414 533 Aquitaniam
1456 493 1502 521 se
1544 481 1729 534 recepit.

250 539 436 580 Interea
487 539 676 580 audiens
723 538 943 588 Karolus,
996 539 1116 592 quod
1169 537 1413 592 Otgariusa
1464 538 1731 591 Maguntiae

250 592 396 639 sedisb
435 597 672 651 episcopus
703 611 797 638 una
828 611 930 638 cum
963 597 1125 638 ceteris
1147 596 1450 637 Lodhuwicoc
1486 596 1620 636 fratri
1651 610 1731 637 suo

249 655 494 696 transitum
527 655 582 696 ad
617 668 663 697 se
696 655 1017 709 prohibuisset,
1049 655 1138 696 iter
1170 668 1249 709 per
1280 654 1540 696 Tullensem
1572 654 1731 696 urbem

249 713 507 755 accelerans
548 713 770 755 Elisazam
820 714 877 754 ad
920 713 1170 755 Zabarnam
1211 713 1410 762 introiit;
1460 713 1580 767 quod
1628 726 1731 754 cum

248 771 464 827 Otgarius
497 772 743 821 didicisset,
777 786 869 812 una
902 785 1004 813 cum
1037 772 1199 813 ceteris
1231 771 1364 813 litore
1400 771 1561 813 relicto
1604 771 1730 820 abiit,

248 833 294 872 et
325 843 414 884 quo
447 830 636 884 quisque
669 830 815 871 valuit
847 831 971 871 ocius
1004 844 1050 871 se
1083 830 1273 871 abdidit.

390 903 428 941 5.
482 900 603 954 Ergo
636 900 763 940 XVI.
798 900 900 941 Kal.
936 900 1096 941 Marcii
1129 900 1420 941 Lodhuvicus
1453 902 1499 941 et
1531 899 1730 941 Karolus
1744 915 1825 941 Febr,
1840 917 1882 942 14.

246 959 292 999 in
327 959 513 1000 civitate
546 955 689 1012 quae‘1
716 958 824 1000 olim
848 959 1123 1013 Argentaria
1147 958 1409 1007 vocabatur,
1432 971 1554 999 nunc
1577 960 1730 999 autem

248 1017 494 1071 Strazburg
537 1017 675 1071 vulgo
721 1017 890 1058 dicitur
906 1017 931 1066 ¹,
981 1019 1292 1058 convenerunt
1339 1018 1386 1058 et
1432 1019 1728 1062 sacramenta,

247 1072 391 1129 quae(¹
421 1076 579 1117 subter
610 1078 771 1116 notata
803 1078 922 1125 sunt,
956 1075 1248 1116 Lodhuvicus
1279 1075 1497 1123 Romana,
1531 1074 1730 1115 Karolus

245 1147 352 1176 vero
394 1134 617 1176 Teudisca
658 1134 817 1188 lingua
857 1134 1138 1176 iuraverunt.
1216 1134 1281 1175 Ac
1330 1134 1392 1174 sic
1435 1135 1541 1174 ante
1589 1146 1730 1174 sacra-

246 1195 478 1234 mentume
533 1193 854 1234 circumfusam
908 1192 1109 1246 plebem,
1158 1192 1275 1233 alter
1321 1192 1564 1241 Teudisca,
1614 1191 1731 1233 alter

245 1251 451 1292 Romana
483 1251 642 1304 lingua
674 1251 901 1303 alloquuti
934 1253 1055 1291 sunt.
1108 1250 1400 1291 Lodhuvicus
1433 1252 1599 1293 autem,
1624 1250 1731 1304 quia

244 1310 388 1351 maior
411 1311 538 1359 natu,
572 1310 695 1363 prior
718 1322 902 1351 exorsus
928 1309 991 1350 sic
1019 1309 1189 1363 coepit:
1216 1308 1451 1359 ‘Quotiens
1474 1308 1730 1349 Lodharius

245 1381 316 1410 me
350 1370 396 1410 et
427 1369 549 1409 hunc
581 1368 772 1409 fratrem
805 1381 954 1408 meum
988 1370 1090 1422 post
1123 1367 1299 1408 obitum
1332 1367 1474 1421 patris
1498 1367 1642 1407 nostri
1667 1367 1729 1407 in-

245 1427 461 1469 sectando
502 1439 644 1480 usque
687 1427 744 1467 ad
790 1421 1178 1467 internecionemf
1224 1425 1375 1467 delere
1424 1427 1614 1466 conatus
1655 1425 1727 1474 sit,

244 1486 400 1527 nostis.
447 1484 560 1526 Cum
585 1487 738 1527 autem
760 1498 844 1527 nec
866 1484 1163 1526 fraternitasg
1188 1497 1271 1526 nec
1296 1483 1619 1525 Christianitas
1645 1497 1728 1525 nec

244 1543 481 1598 quodlibet
512 1544 759 1598 ingenium,
794 1543 919 1584 salva
950 1543 1133 1584 iusticia
1163 1545 1217 1583 ut
1239 1556 1326 1596 pax
1347 1543 1469 1583 inter
1491 1555 1572 1583 nos
1596 1544 1727 1591 esset,

243 1603 459 1644 adiuvare
492 1604 656 1657 posset,
689 1602 877 1643 tandem
910 1602 1056 1643 coacti
1097 1615 1193 1643 rem
1234 1601 1291 1642 ad
1333 1600 1549 1641 iuditium
1591 1601 1729 1642 omni-

243 1661 444 1715 potentis
477 1661 564 1702 Dei
597 1660 859 1710 detulimus,
893 1663 946 1701 ut
978 1674 1059 1701 suo
1091 1663 1222 1708 nutu,
1261 1660 1370 1713 quid
1404 1660 1566 1712 cuique
1600 1659 1729 1700 debe-

242 1721 382 1769 retur,
417 1720 623 1761 contenti
656 1733 868 1760 essemus.
932 1719 989 1759 In
1023 1732 1111 1772 quo
1153 1732 1246 1767 nos,
1291 1718 1410 1759 sicut
1451 1717 1607 1766 nostis,
1649 1731 1730 1770 per

243 1778 599 1820 misericordiam
642 1778 729 1819 Dei
769 1778 963 1819 victores
1006 1777 1263 1825 extitimus,
1305 1776 1343 1817 is
1386 1778 1540 1818 autem
1580 1776 1729 1817 victus

242 1851 334 1878 una
366 1851 468 1879 cum
501 1837 593 1878 suis
635 1850 722 1891 quo
754 1836 901 1877 valuit
944 1836 1141 1878 secessit.
1213 1835 1336 1876 Hinc
1377 1848 1482 1876 vero
1523 1834 1729 1876 fraterno

243 1909 394 1938 amore
427 1896 624 1950 correpti
663 1908 747 1937 nec
780 1909 872 1936 non
905 1897 950 1936 et
987 1908 1122 1948 super
1162 1894 1382 1948 populum
1416 1892 1727 1934 Christianum

243 1955 450 2009 conpassi
483 1954 860 2008 persequi-atque
893 1953 1044 1994 delere
1077 1953 1180 1994 illos
1220 1952 1463 2001 noluimus,
1508 1952 1586 1993 sed
1626 1952 1727 1992 hac-

242 2016 378 2055 tenus
430 2013 548 2054 sicut
601 2015 647 2054 et
695 2015 851 2061 antea,
905 2014 958 2052 ut
1009 2011 1172 2053 saltem
1220 2011 1384 2052 deinde
1437 2011 1600 2063 cuique
1647 2023 1728 2051 sua

241 2072 425 2113 iusticia
457 2071 705 2119 cederetur,
741 2071 1067 2111 mandavimus.
1132 2070 1194 2110 At
1225 2069 1304 2111 ille
1337 2071 1440 2123 post
1480 2070 1592 2110 haec
1636 2082 1728 2109 non

243 2132 486 2172 contentus
526 2130 696 2171 iudicio
738 2130 914 2178 divino,
963 2129 1042 2170 sed
1089 2128 1247 2170 hostili
1294 2141 1431 2168 manu
1471 2128 1640 2168 iterum
1681 2129 1728 2168 et

242 2203 313 2231 me
346 2192 393 2231 et
424 2189 545 2230 hunc
578 2189 769 2230 fratrem
802 2202 953 2229 meum
985 2187 1193 2242 persequi
1226 2200 1317 2228 non
1350 2188 1508 2234 cessat,
1541 2186 1728 2240 insuper

242 2250 289 2290 et
328 2247 549 2302 populum
591 2249 796 2288 nostrum
838 2246 1082 2295 incendiis,
1124 2245 1296 2299 rapinis
1339 2244 1613 2297 cedibusque
1656 2244 1727 2285 de-

241 2309 414 2357 vastat;
448 2320 584 2360 quam
616 2306 672 2347 ob
695 2320 791 2347 rem
822 2319 943 2347 nunc
968 2305 1239 2346 necessitate
1264 2304 1411 2345 coacti
1433 2303 1727 2344 convenimus

242 2367 302 2415 et,
335 2366 548 2419 quoniam
581 2378 659 2406 vos
692 2364 748 2406 de
782 2366 939 2405 nostra
979 2363 1135 2405 stabili
1176 2363 1265 2404 fide
1306 2376 1357 2403 ac
1398 2362 1526 2402 firma
1566 2361 1725 2402 frater-

242 2424 389 2465 nitate
421 2424 632 2465 dubitare
665 2423 904 2470 credimus,
927 2423 1013 2463 hoc
1046 2424 1380 2463 sacramentum
1412 2421 1534 2461 inter
1566 2433 1646 2461 nos
1678 2420 1727 2460 in

244 2484 492 2536 conspectu
513 2485 663 2523 vestro
695 2482 844 2523 iurare
868 2482 1160 2523 decrevimus.
1215 2480 1257 2520 N
1261 2494 1319 2521 on
1342 2478 1547 2532 qualibet
1569 2479 1725 2532 iniqua

244 2541 497 2595 cupiditate
529 2540 674 2582 illecti
707 2541 790 2581 hoc
824 2540 1013 2594 agimus,
1057 2540 1133 2580 sed
1167 2541 1219 2579 ut
1261 2538 1487 2586 certiores,
1531 2538 1567 2577 si
1600 2537 1726 2578 Deus

242 2600 374 2640 nobis
406 2601 555 2640 vestro
589 2599 815 2639 adiutorio
848 2599 1047 2652 quietem
1081 2597 1269 2646 dederit,
1294 2598 1349 2638 de
1380 2596 1607 2637 communi
1630 2609 1726 2649 pro-

243 2721 271 2751 ἢ)
297 2719 414 2750 ogarius
436 2726 509 2745 corr.
534 2719 676 2746 curtirias.
762 2718 790 2747 h)
818 2717 888 2742 sidis
913 2724 988 2741 corr.
1016 2715 1102 2741 sedis.
1191 2724 1216 2747 ο)
1246 2715 1415 2741 lmlhuiuios·
1443 2723 1465 2740 c.
1556 2714 1583 2743 ⁴12
1612 2721 1668 2746 [μιῇ
1700 2722 1725 2740 c.

243 2755 270 2785 e)
302 2759 488 2779 sacramenta
518 2761 592 2781 corr.
628 2754 826 2778 sacramentu.
949 2754 970 2785 s)
999 2749 1091 2777 iil—mic
1107 2752 1186 2777 tion}
1217 2759 1291 2776 corr.
1324 2748 1421 2776 in‘tnoc
1439 2751 1502 2775 ione
1536 2755 1544 2773 t
1577 2752 1723 2782 nrpuncto.

242 2790 271 2821 g)
299 2790 472 2814 traici-nixae
500 2797 573 2814 cru-r.
605 2789 786 2813 {raxernitas.

243 2884 278 2924 1)
309 2883 361 2924 Cf.
380 2884 474 2918 Ama.
498 2883 603 2918 Fuld.
632 2894 665 2915 α.
683 2883 764 2924 842,
792 2882 813 2917 l.
840 2891 865 2916 c.
888 2893 926 2924 p.
945 2883 1006 2917 33:
1038 2880 1134 2924 apud
1159 2880 1286 2915 urbem
1306 2880 1606 2925 Argentoratum,
1634 2887 1726 2922 quae

240 2941 336 2963 nunc
363 2929 602 2974 Strazburgus
624 2932 784 2964 vocatur.

1372 2997 1416 3033 3*
