2125 3234
417 287 454 322 X
1001 281 1304 318 PRAEFATIO.

417 405 553 448 coelice
573 404 817 447 Ansclzeras
847 404 976 445 abbas
1001 402 1142 444 Vitam
1163 401 1404 455 Anyilberti
1432 403 1558 455 paulo
1581 406 1678 455 post
1707 417 1748 445 a.
1775 406 1897 444 1110.

417 477 662 516 componens
706 475 824 513 usus,
868 460 1118 514 praesertim
1163 473 1258 501 vero
1297 459 1496 510 Hariulft
1540 460 1734 503 chronico
1778 460 1899 503 nisus

418 526 488 573 est,
521 535 626 574 quae
657 525 793 562 autem
824 520 873 561 cle
903 519 1012 560 iusto
1042 517 1283 571 Anyilberti
1313 531 1405 559 cum
1434 517 1600 559 Bertha
1629 518 1899 560 matrimonio

419 579 532 631 dicit,
574 593 652 632 qno
683 577 857 629 facilius
886 577 1139 629 impetraret,
1180 579 1227 616 ut
1256 575 1327 616 ille
1356 579 1595 617 sanctorum
1626 589 1798 618 numero
1829 578 1899 618 ad·

416 637 678 688 scriberetur,
706 639 955 678 commentus
975 639 1034 676 est
1050 635 1076 675 1.
1130 633 1356 686 Reliquum
1380 637 1451 686 est,
1477 638 1524 675 ut
1543 647 1900 676 commemoremus
1931 648 1948 673 5

417 709 682 748 anonymum,
715 693 789 746 qui
818 694 981 735 saeculo
1010 692 1156 733 XIII.
1208 691 1432 733 Historiae
1462 705 1607 745 reyum
1630 691 1899 734 Francorum

417 767 545 806 usque
591 753 650 794 acl
693 765 733 792 a.
770 754 894 792 1214.
938 751 1068 792 libros
1113 754 1196 792 tres
1234 749 1497 802 conscripsit,
1543 750 1591 791 in
1629 750 1900 803 praefatione

418 811 557 865 operis
602 810 713 851 inter
759 823 826 851 eos
871 808 1112 861 scriptores,
1160 821 1261 860 qnos
1307 812 1468 850 secutus
1512 807 1588 860 sit,
1639 808 1898 850 Nithardum

418 868 702 910 nominarisse
718 868 758 920 ²,
788 881 895 920 quae
924 879 1020 908 vero
1051 867 1100 908 de
1131 865 1463 908 dissensionibus
1488 866 1675 917 filiorum
1697 865 1902 908 Luclovici

419 927 493 968 Pii
531 926 663 978 refert
678 927 704 978 3,
745 939 831 967 non
871 939 921 966 ex
959 924 1078 966 illius
1117 938 1248 978 opere,
1291 925 1364 966 sed
1394 924 1538 977 potius
1577 938 1628 966 ex
1657 925 1902 967 Annalibus
1929 940 1961 964 ιο

417 986 464 1026 F
460 985 701 1027 aldensibus
730 983 964 1037 exscripsit.

567 1043 704 1085 Codex
733 1042 913 1084 unicus4
938 1055 1050 1083 nunc
1075 1041 1342 1083 bibliothecae
1364 1040 1561 1093 publicae
1582 1040 1659 1082 Pa
1670 1040 1901 1092 risinae,

421 1101 581 1144 ‘Fonds
613 1101 733 1143 latin’
767 1114 833 1141 nr.
858 1104 970 1141 9768
1000 1097 1145 1149 (antea
1173 1097 1334 1153 ‘Sitppb
1357 1098 1517 1140 Latin?
1540 1113 1606 1140 nr.
1631 1098 1752 1151 623),
1784 1112 1904 1141 mene-

418 1215 508 1249 illud
533 1214 755 1259 deposuisset
792 1244 798 1250 .
827 1245 835 1252 .
862 1242 869 1249 .
903 1213 1002 1248 Huic
1027 1216 1147 1248 certae
1178 1213 1231 1248 rei
1257 1212 1507 1247 testimonium
1532 1212 1653 1246 ferunt
1678 1211 1904 1247 Francorum

416 1262 614 1304 Historiae,
649 1273 711 1296 eae
745 1260 894 1304 scilicet,
929 1271 1022 1304 quae
1054 1260 1148 1294 illius
1174 1259 1348 1304 temporis
1372 1259 1467 1293 facta
1493 1259 1758 1294 commendant.
1809 1258 1904 1293 Nam
1931 1269 1964 1294 15

420 1321 502 1343 cum
538 1308 731 1352 aliquando
757 1307 903 1352 quidam
938 1307 1082 1341 libellus
1115 1307 1152 1340 in
1186 1317 1314 1340 manus
1347 1308 1553 1340 nostrorum
1579 1306 1790 1349 devenisset,
1823 1308 1905 1350 post

417 1356 594 1400 quaedam
633 1356 702 1389 alia
736 1355 781 1389 de
815 1357 940 1388 sancto
975 1353 1221 1399 Anghilberto
1256 1353 1344 1387 haec
1382 1352 1472 1386 inibi
1507 1352 1642 1397 scripta
1674 1355 1904 1387 notaverunt.

417 1402 566 1437 Mortuo
592 1401 825 1446 Hludogvico
850 1401 1081 1445 imperatore,
1107 1399 1227 1434 Caroli
1253 1399 1382 1444 Magni
1406 1399 1493 1443 filio,
1524 1402 1598 1433 tres
1624 1399 1699 1433 eius
1723 1398 1789 1433 filii
1813 1397 1905 1432 ΕΠΟ-

417 1449 566 1492 tharius,
600 1449 832 1493 Ludogvicus
867 1450 902 1481 et
928 1447 1079 1481 Carolus
1114 1446 1159 1481 de
1192 1457 1306 1491 regno
1341 1446 1436 1480 inter
1471 1457 1508 1479 se
1541 1446 1782 1489 dissidebant;
1819 1445 1905 1479 dum

419 1497 664 1539 unusquisque
688 1495 757 1529 hoc
783 1495 850 1529 sibi
876 1497 1028 1528 conatur
1054 1522 1061 1529 .
1090 1523 1095 1529 .
1125 1522 1131 1528 .
1161 1521 1168 1529 .
1197 1492 1390 1527 novissime
1415 1504 1501 1527 vero
1527 1492 1699 1526 statuitur
1723 1492 1810 1536 dies,
1837 1503 1906 1536 qua
1932 1503 1966 1527 20

419 1543 463 1577 de
498 1542 551 1575 his
586 1541 760 1575 iudicium
794 1541 998 1585 haberetur,
1035 1543 1071 1574 et
1105 1539 1174 1574 hoe
1211 1539 1289 1574 fieri
1323 1550 1427 1583 posse
1461 1539 1499 1573 in
1534 1538 1656 1573 Nonas
1691 1539 1907 1574 Novembris

418 1590 534 1622 visum
570 1591 632 1623 est.
684 1587 763 1631 Qua
797 1587 944 1631 quidem
979 1587 1037 1621 die
1063 1591 1132 1629 etc,
1167 1589 1327 1630 sequitur
1361 1587 1454 1620 locus
1478 1587 1655 1619 Nithardi
1678 1587 1700 1621 l.
1726 1587 1793 1628 IV,
1818 1597 1845 1621 c.
1872 1587 1904 1627 5,

419 1638 524 1677 infra
554 1647 592 1678 p.
618 1637 676 1677 47,
708 1636 729 1669 l.
756 1637 812 1670 33.
850 1644 956 1678 usque
990 1634 1038 1666 ad
1066 1645 1104 1676 p.
1130 1635 1188 1676 48,
1215 1634 1237 1668 l.
1264 1635 1307 1668 2:
1332 1635 1498 1677 repertus
1523 1636 1585 1667 est.
1636 1633 1804 1676 Sequitur
1827 1633 1908 1665 Ha-

417 1683 520 1724 riulfi
548 1686 684 1716 tea-tus:
718 1680 825 1715 Idem
851 1681 960 1714 etiam
993 1680 1086 1714 liber
1119 1680 1282 1724 superius
1317 1678 1454 1722 aliquid
1484 1682 1652 1723 repetens
1677 1680 1721 1713 de
1746 1678 1907 1714 eiusdem

417 1730 508 1772 (scil.
542 1729 758 1772 Anyilberti)
792 1727 981 1762 nobilitate
1018 1738 1134 1771 pauca
1171 1725 1352 1760 subinfert
1387 1726 1528 1760 dicens:
1562 1726 1649 1760 Fuit
1681 1726 1741 1760 hic
1773 1730 1830 1760 etc.
1871 1731 1907 1758 ut
1933 1736 1967 1761 25

418 1777 522 1818 infra
555 1787 590 1818 p.
616 1777 674 1817 48,
711 1776 734 1810 l.
760 1777 782 1810 3
819 1785 923 1818 usque
956 1775 1004 1807 ad
1028 1775 1051 1809 I.
1078 1776 1142 1809 11:
1178 1773 1215 1807 in
1240 1784 1330 1817 pace
1356 1773 1502 1816 quievit.
1553 1773 1721 1816 Sequitur
1745 1773 1908 1813 Hariulfi

420 1823 536 1856 locus:
571 1821 609 1856 Is
634 1822 710 1866 ipse
736 1821 935 1855 Nithardus
960 1825 1031 1861 eto,
1058 1831 1171 1863 supra
1192 1832 1230 1863 p.
1254 1821 1358 1861 VIII,
1384 1831 1417 1855 n,
1436 1822 1469 1855 2.
1497 1820 1676 1855 laudatus.
1702 1839 1748 1844 —
1774 1820 1907 1854 Contra

420 1870 611 1912 Geor-qiam
644 1869 777 1911 Waitz,
812 1869 876 1911 qui
908 1867 970 1902 SS.
997 1868 1038 1900 X
1045 1869 1084 1907 V,
1113 1879 1151 1910 p.
1181 1869 1258 1902 173.
1296 1867 1389 1900 hunc
1423 1867 1568 1900 codicem
1597 1877 1667 1900 esse
1698 1867 1906 1900 Vaticanum

420 1927 492 1958 req.
520 1916 722 1950 Christinae
755 1926 814 1950 nr.
839 1916 919 1950 235.
955 1916 1097 1956 censuit,
1130 1915 1175 1947 F.
1200 1914 1267 1947 Lot
1299 1915 1321 1948 l.
1347 1925 1374 1948 c.
1406 1925 1443 1957 p.
1466 1913 1611 1947 XXIII
1621 1924 1695 1956 sqq.
1720 1918 1809 1947 recte
1833 1923 1908 1947 con-

419 1964 567 1997 tendisse
600 1963 736 1995 videtur
770 1964 875 1995 etiam
907 1961 1119 1994 Vaticanum
1153 1971 1196 1994 ex
1233 1961 1416 1993 Gora-iano
1449 1961 1494 1993 ab
1527 1960 1700 2002 Hariulfo
1733 1961 1909 2002 exscripto
1934 1971 1968 1995 30

421 2010 587 2052 hodieque
623 2009 801 2052 deperdito
833 2009 1046 2052 prorcnisse.
1089 2027 1133 2031 —
1170 2007 1293 2041 Restat
1336 2012 1373 2040 ut
1410 2007 1585 2040 addamus
1620 2017 1709 2050 quae
1745 2006 1908 2048 Harinlfi

420 2057 665 2099 interpolator,
691 2065 790 2099 quem
815 2055 1039 2088 Anscherum
1063 2054 1220 2087 abbatem
1246 2055 1356 2096 fuisse
1380 2054 1421 2089 F.
1448 2054 1514 2087 Lot
1540 2055 1562 2088 l.
1588 2064 1614 2088 c.
1636 2065 1674 2097 p.
1693 2053 1909 2087 XLVIII—

418 2104 451 2137 L
464 2103 500 2138 V.
519 2104 656 2144 statuit,
673 2103 715 2135 de
732 2103 940 2144 Anyilberto
957 2101 1052 2143 dicit,
1071 2101 1093 2136 l.
1108 2101 1161 2141 II,
1179 2111 1205 2135 c.
1222 2102 1254 2142 6,
1275 2101 1295 2135 l.
1313 2110 1338 2135 c.
1355 2112 1394 2144 p.
1413 2102 1457 2136 51
1472 2111 1541 2143 sq.:
1559 2099 1626 2134 Oui
1643 2101 1732 2138 (scil.
1751 2100 1909 2138 Kar-olo)

420 2149 639 2184 clarissimus
676 2148 733 2182 vir
770 2148 1007 2193 Angilbertus
1047 2147 1249 2181 nobilitatis
1287 2149 1323 2181 et
1363 2147 1561 2191 sapientiae
1602 2147 1733 2181 merito
1772 2147 1910 2181 exstitit

420 2196 636 2238 carissimus,
673 2194 762 2229 adeo
789 2198 828 2228 ut
853 2205 941 2239 prae
967 2193 1136 2228 omnibus
1162 2193 1194 2228 ei
1219 2193 1519 2227 familiarissimus
1554 2193 1758 2229 haberetur.
1809 2192 1910 2238 Quae
1935 2204 1970 2230 35

420 2243 579 2277 amicitia
605 2243 642 2275 in
666 2244 809 2276 tantum
834 2241 1030 2283 convaluit,
1056 2243 1096 2274 ut
1122 2240 1217 2285 regis
1242 2240 1355 2274 filiam
1381 2240 1527 2274 nomine
1553 2239 1701 2274 Bertam
1732 2240 1777 2274 in
1803 2251 1910 2274 con-

421 2289 605 2335 iugium
641 2289 911 2332 acciperet,
946 2287 991 2322 de
1025 2299 1096 2331 qua
1131 2287 1220 2321 duos
1255 2287 1347 2321 filios
1381 2286 1588 2321 Hau-nidum
1623 2290 1660 2321 et
1690 2286 1911 2321 Nithardum

419 2337 556 2382 genuit.
583 2335 651 2369 Cui
668 2335 777 2370 etiam
795 2335 841 2369 ad
859 2338 1095 2379 augmentum
1113 2334 1263 2378 palatini
1281 2334 1427 2368 honoris
1444 2334 1554 2368 totius
1572 2334 1776 2368 maritimae
1794 2336 1911 2368 terrae

421 2384 574 2417 ducatus
593 2382 803 2417 commissus
822 2385 894 2424 est3
920 2383 964 2423 cf.
983 2382 1161 2415 Anseheri
1176 2382 1293 2414 Vitam
1311 2382 1523 2424 Anyilbevti,
1547 2382 1609 2416 SS.
1625 2382 1707 2422 XV,
1725 2392 1763 2424 p.
1782 2383 1858 2419 180.
1882 2385 1912 2414 et

421 2432 512 2464 Acta
533 2435 643 2464 sanct.
666 2430 743 2464 ord.
762 2430 797 2464 S.
817 2429 956 2470 Bened„
980 2439 1066 2463 saec.
1086 2429 1111 2461 I
1115 2428 1155 2470 V,
1178 2439 1273 2471 pars
1290 2429 1321 2470 I,
1340 2440 1378 2471 p.
1399 2430 1466 2464 128
1482 2439 1533 2472 sq.
1624 2429 1658 2471 1)
1679 2429 1733 2469 Cf.
1753 2428 1820 2461 Lot
1843 2429 1866 2463 l.
1883 2439 1911 2463 c.
1937 2438 1972 2463 40

420 2490 456 2522 p.
475 2477 529 2516 L,·
556 2477 682 2519 IVaz'tz,
702 2476 763 2511 SS.
779 2476 862 2518 XV,
882 2487 921 2519 p.
938 2478 1005 2511 173
1018 2485 1092 2518 sq.‚·
1116 2479 1234 2508 notam
1255 2475 1526 2519 praecedmtem.
1600 2475 1635 2519 2)
1657 2475 1812 2508 ‘Archiv’
1830 2475 1912 2515 VII,

416 2535 457 2567 p.
475 2525 541 2558 621
561 2523 682 2565 aliisi.
707 2524 773 2558 litt.
796 2524 836 2555 de
862 2523 898 2555 la
915 2521 1064 2555 France’
1080 2522 1185 2564 XXI,
1206 2533 1245 2565 p.
1264 2524 1344 2563 731,
1367 2533 1425 2557 n.:
1451 2521 1644 2563 Duchesne,
1667 2522 1763 2555 Hist.
1780 2521 1913 2556 Franc.

422 2570 486 2605 SS.
513 2571 570 2612 II,
603 2583 639 2614 p.
665 2572 774 2609 357).·
811 2569 965 2613 Sumpta
990 2570 1074 2602 sunt
1107 2597 1113 2604 .
1142 2597 1148 2604 .
1178 2598 1184 2604 .
1212 2567 1388 2612 quaedam
1416 2597 1424 2603 .
1454 2596 1462 2604 .
1488 2597 1496 2604 .
1533 2579 1552 2601 a
1579 2568 1672 2603 libro
1699 2568 1809 2602 etiam
1834 2567 1914 2601 Nit-

423 2616 543 2660 hardi,
582 2616 643 2660 qui
680 2616 725 2651 de
763 2615 940 2650 discordia
979 2615 1137 2649 filiorum
1176 2615 1357 2649 Ludovici
1391 2614 1448 2649 Pii
1487 2615 1573 2660 agit.
1681 2615 1717 2659 3)
1745 2615 1912 2659 Bouquee.

423 2665 487 2699 SS.
507 2664 588 2705 VII,
610 2675 647 2707 p.
666 2665 746 2699 259.
844 2665 880 2706 4)
910 2663 1184 2705 Descripsemcnt
1209 2664 1356 2696 codicem
1380 2663 1416 2697 J.
1444 2663 1705 2702 Brakelmann,
1729 2662 1913 2697 ‘Zeitschn
1939 2672 1974 2697 ⁴5

423 2713 487 2752 fiii·
519 2711 679 2744 deutsche
710 2710 917 2752 Philoloyie'
942 2710 1008 2743 III
1030 2710 1163 2752 (1871),
1198 2721 1236 2752 J).
1262 2711 1417 2750 85—95,
1454 2711 1518 2753 qm*
1549 2711 1639 2742 sicut
1664 2709 1769 2742 Pei-t:
1805 2712 1913 2741 totum

424 2758 469 2791 ab
493 2758 608 2791 eadem
635 2768 743 2790 manu
769 2767 838 2790 esse
861 2758 1033 2800 scriptu-m
1059 2757 1174 2789 dicens
1199 2758 1333 2790 errarit
1347 2767 1361 2796 ;
1386 2757 1432 2797 cf.
1463 2757 1504 2791 G.
1532 2756 1660 2796 n'aite,
1686 2755 1742 2791 (Ν,
1758 2755 1914 2794 Archiv',

434 2805 487 2837 VI
502 2805 638 2849 (1881),
661 2815 697 2847 p.
716 2805 797 2844 482,
823 2805 885 2847 qm·
908 2808 938 2837 et
963 2806 1035 2845 ipse
1060 2814 1191 2836 errans
1209 2807 1316 2836 totum
1338 2813 1427 2838 saec.
1447 2803 1494 2838 X.
1522 2802 1669 2840 tribuit:
1695 2803 1730 2837 C.
1750 2803 1914 2837 Condere.

425 2850 619 2894 ‘Mdlanyes
644 2851 764 2884 Julien
793 2851 917 2884 Hacet'
946 2852 1048 2890 1895,
1071 2863 1106 2893 p.
1129 2852 1317 2885 Tel—724
1342 2852 1404 2890 (=
1433 2850 1498 2883 Ph.
1520 2850 1652 2890 Lauer,
1679 2849 1849 2883 ‘Annales
1874 2850 1914 2881 de

427 2898 624 2932 Flodom-d’
662 2899 697 2931 in
728 2898 921 2931 ‘Collecte'on
948 2897 987 2929 de
1013 2897 1130 2930 test-tes'
1157 2901 1228 2935 etc„
1265 2899 1367 2938 1905,
1400 2908 1436 2940 p.
1465 2896 1579 2929 XXX
1587 2895 1915 2937 1'—XXX1’JII):
1940 2905 1975 2932 50
