2125 3234
320 392 401 426 841.

413 271 461 304 34
689 264 947 301 NITHARDI
972 263 1336 300 HISTORIARUM
1360 264 1517 300 LIBER
1540 263 1614 301 ΠΙ.

416 387 641 429 militibus
688 385 998 427 circumdataa
1042 385 1154 426 fore.
1233 384 1333 435 Quo
1380 385 1564 439 quidem
1610 385 1777 426 nuncio
1830 398 1898 426 ex-

416 447 579 496 territi,
613 445 825 500 quoniam
867 457 950 484 nec
993 443 1216 484 evadendi
1255 456 1338 484 nec
1382 443 1540 484 aderat
1579 457 1680 497 spes
1722 444 1899 485 moenia

414 505 591 554 tuendi,
634 516 790 557 pacem
832 501 914 542 sub
955 514 1048 541 una
1089 501 1336 553 eademque
1379 503 1513 542 nocte
1554 503 1731 555 petunt,
1765 501 1899 543 Adel·

416 564 595 617 garium
627 560 868 603 confestim
900 559 1101 600 reddunt
1134 560 1192 608 et,
1234 561 1288 599 ut
1328 572 1375 600 se
1416 555 1692 612 urbemqueb
1730 560 1898 613 absque

418 621 635 663 conflictu
682 620 730 659 in
771 618 1018 660 crastinum
1060 617 1254 666 dedant,
1304 630 1407 658 cum
1454 617 1577 659 omni
1618 617 1898 659 subiectione
1924 633 1941 659 5

417 679 706 733 promittunt.
771 677 893 716 Dum
926 676 1037 716 haec
1070 677 1328 729 agerentur,
1362 675 1531 716 milites
1563 689 1734 716 moram
1764 676 1900 716 huius

414 737 482 778 rei
514 736 714 790 graviter
744 735 957 782 ferentes,
995 734 1182 787 insuper
1223 733 1392 774 laboris
1432 734 1572 784 tedio,
1615 735 1735 788 quod
1778 747 1900 788 prae-

415 795 552 836 terite
597 793 745 835 noctis
786 792 906 846 passi
946 792 1144 840 fuerant,
1188 792 1382 845 permoti
1422 793 1470 833 in
1513 793 1737 834 excidium
1777 792 1900 833 urbis

416 866 547 895 ruere
579 852 781 905 undique
814 855 1084 904 coeperunt;
1119 852 1326 904 essetque
1349 851 1508 905 procul
1531 851 1670 892 dubio
1693 851 1901 905 protinus

415 911 609 952 flammis
640 910 901 964 rapinisque
933 909 1118 958 tradita,
1151 908 1199 949 ni
1230 909 1350 950 idem
1374 909 1572 950 Karolus
1594 909 1902 951 misericordia
1928 927 1961 950 ιο

417 983 553 1024 super
612 968 906 1010 ecclesiarum
959 967 1047 1008 Dei
1103 967 1357 1020 sororisque
1412 980 1591 1009 necnon
1642 970 1688 1009 et
1744 967 1903 1022 populi

419 1028 670 1069 Christiani
702 1027 934 1080 permotus
967 1026 1100 1066 minis
1124 1028 1260 1079 atque
1284 1025 1520 1066 blanditiis
1544 1027 1703 1067 horum
1729 1026 1902 1067 animos

417 1087 614 1127 maximo
646 1086 801 1126 labore
834 1097 1117 1138 compescere
1160 1083 1444 1125 *studuisset
1508 1083 1630 1135 Quos
1663 1097 1765 1125 cum
1806 1084 1901 1125 abs·
1927 1096 2046 1128 *assa

419 1145 579 1186 cedere
620 1143 817 1192 fecisset,
860 1145 912 1183 ut
954 1156 1078 1183 soror
1116 1142 1440 1196 postulaverat,
1477 1143 1700 1184 concessit
1732 1144 1778 1184 et
1811 1142 1902 1183 Sal-

418 1203 702 1244 monciacum
735 1201 791 1242 ab
818 1201 929 1242 urbe
958 1201 1178 1242 discessit.
1228 1201 1436 1242 Crastina
1458 1215 1636 1255 quoque
1660 1201 1733 1243 die
1755 1201 1902 1242 Hildi·
1929 1215 1961 1240 15

418 1261 570 1315 gardis
604 1261 661 1302 ad
694 1260 830 1301 fidem
863 1273 1003 1310 suam,
1047 1259 1165 1300 sicut
1207 1260 1529 1314 spoponderat,
1562 1260 1688 1301 venit
1728 1260 1903 1301 urbem-

419 1333 506 1374 que
557 1319 747 1361 inlesam
801 1321 847 1360 et
899 1318 1067 1371 absque
1121 1318 1336 1359 conflictu
1389 1319 1459 1359 sui
1516 1319 1627 1359 iuris
1685 1319 1902 1359 restituit.

420 1379 629 1420 Sororem
672 1392 800 1418 suam
841 1377 1090 1430 siquide1n⁰
1133 1376 1330 1417 Karolus
1373 1377 1568 1430 benigne
1611 1373 1818 1430 excepitd
1859 1379 1904 1418 et

419 1437 574 1478 omnia
606 1450 721 1490 quae
754 1438 942 1477 actenus
975 1448 1082 1488 erga
1122 1435 1254 1475 illum
1296 1435 1551 1488 deliquerat
1590 1435 1661 1476 illi
1703 1436 1902 1484 donavit,

422 1495 668 1549 multisque
700 1494 848 1536 verbis
882 1494 1049 1534 blande
1081 1493 1209 1535 illam
1241 1493 1468 1535 allocutus
1500 1508 1680 1535 omnem
1704 1494 1905 1547 benigni·
1931 1508 1965 1533 20

421 1556 587 1603 tatem,
636 1567 771 1606 quam
818 1553 962 1593 frater
1002 1552 1144 1593 sorori
1192 1552 1350 1602 debet,
1399 1552 1437 1593 si
1484 1552 1648 1594 deinde
1695 1552 1907 1594 benivola

422 1626 530 1665 erga
569 1612 702 1652 illum
743 1624 838 1652 esse
876 1610 1028 1660 vellet,
1071 1611 1113 1652 ei
1153 1611 1434 1664 perhumane
1475 1611 1683 1665 promisit
1724 1624 1776 1652 ac
1817 1624 1905 1664 quo

420 1671 568 1712 voluit
608 1670 736 1711 illam
775 1670 899 1711 abire
937 1669 1173 1710 concessit.
1240 1669 1351 1710 Urbi
1392 1683 1474 1710 sua
1513 1670 1614 1710 iura
1655 1670 1819 1710 statuit
1860 1672 1906 1710 et

422 1730 478 1770 ad
512 1743 628 1779 suos,
663 1742 774 1782 quos
807 1728 926 1770 circa
957 1728 1183 1769 Parisium
1224 1728 1450 1778 omiserat,
1494 1728 1564 1769 his
1604 1729 1671 1769 ita
1712 1728 1906 1782 peractis

421 1788 572 1829 rediit.
635 1787 836 1829 Senones
868 1789 1022 1828 autem
1055 1787 1311 1827 Lodharius
1342 1787 1533 1841 Pippino
1564 1789 1762 1841 recepto,
1796 1787 1906 1840 quid
1932 1801 1966 1826 25

422 1860 555 1900 agere
589 1846 788 1896 deberet,
829 1846 990 1886 anxius
1023 1848 1133 1886 erat.
1196 1845 1314 1886 Nam
1350 1845 1546 1886 Karolus
1579 1849 1753 1900 partem
1788 1859 1906 1887 exer·

422 1906 540 1946 citus
573 1905 829 1958 Sequanam
861 1904 1043 1945 traiecit
1075 1906 1121 1944 et
1153 1904 1201 1943 in
1232 1904 1399 1944 saltum
1438 1904 1515 1957 qui
1546 1904 1728 1945 Pertica
1767 1904 1905 1957 vulgo

422 1964 592 2005 dicitur
638 1963 817 2004 direxit.
896 1961 1018 2013 Quos
1067 1963 1281 2015 quoniam
1323 1963 1580 2003 Lodharius
1626 1963 1698 2004 vel
1746 1976 1792 2004 se
1834 1962 1906 2004 vel

421 2036 524 2064 suos
571 2022 792 2076 impedire
831 2021 1011 2070 timuit,
1060 2021 1256 2075 primum
1296 2021 1511 2062 insectari
1556 2022 1734 2062 statuit.
1806 2020 1906 2072 Qua

422 2081 605 2134 quidem
637 2095 685 2122 re
718 2080 932 2135 sperabat
964 2094 1010 2121 se
1044 2082 1090 2121 et
1111 2080 1194 2121 hos
1222 2080 1359 2121 facile
1383 2080 1534 2122 delere
1557 2083 1603 2121 et
1626 2081 1711 2122 hoc
1734 2083 1905 2122 terrore
1932 2091 1966 2116 30

353 2164 356 2167 ι
420 2140 506 2181 sibi
553 2140 756 2181 residuos
803 2139 1047 2193 subiugare
1096 2139 1378 2192 maximeque
1424 2138 1746 2180 Nominoiume
1790 2139 1906 2179 Brit·

324 2497 404 2531 842.

420 2201 665 2239 tannorum
714 2199 875 2239 ducem
922 2211 1003 2238 suo
1051 2197 1244 2238 subdere
1292 2198 1548 2239 dominatui
1595 2211 1738 2252 posse.
1817 2197 1906 2239 Sed

419 2257 593 2298 frustra
624 2257 736 2298 haec
769 2256 920 2297 omnia
959 2256 1222 2310 expleturus
1264 2257 1390 2306 adiit,
1434 2257 1543 2297 dum
1583 2256 1699 2296 nihil
1742 2257 1905 2298 horum

420 2317 477 2356 ad
512 2316 726 2357 effectum
759 2315 984 2369 perduxit.
1047 2315 1164 2356 Nam
1201 2315 1426 2356 exercitus
1459 2315 1619 2356 Karoli
1661 2315 1806 2356 omnis
1848 2315 1903 2356 ab

421 2389 473 2416 eo
509 2374 658 2415 salvus
701 2374 854 2423 evasit,
897 2374 1083 2428 insuper
1125 2388 1178 2415 ex
1220 2375 1311 2415 suis
1352 2374 1580 2416 neminem
1620 2374 1815 2428 recepit3
1859 2376 1905 2415 et
1931 2388 1964 2414 35

420 2433 700 2474 Nomenoius
733 2433 884 2474 onmia
917 2446 1003 2486 que
1035 2432 1106 2473 illi
1132 2433 1428 2474 mandaverat
1449 2433 1698 2474 insolenter
1721 2433 1903 2487 sprevit.

422 2492 505 2532 His
547 2493 613 2533 ita
654 2505 699 2533 se
743 2492 1019 2533 habentibus
1060 2494 1246 2546 repente
1288 2492 1501 2532 nuntium
1545 2492 1739 2545 accepit,
1784 2491 1904 2545 quod

420 2551 711 2592 Lodhuvicus
745 2553 790 2591 et
823 2550 1021 2591 Karolus
1053 2564 1145 2591 una
1184 2565 1284 2592 cum
1326 2551 1503 2605 ingenti
1546 2551 1747 2592 exercitu
1788 2549 1905 2590 alter

420 2609 553 2650 alteri
606 2610 826 2650 studeret.
911 2609 1114 2662 Cumque
1168 2623 1214 2651 se
1267 2610 1467 2663 undique
1518 2610 1653 2651 rebus
1706 2609 1904 2650 adversis

420 2669 771 2722 circumseptum
807 2669 993 2717 videret,
1038 2669 1232 2709 maximo
1267 2668 1443 2709 ambitu
1484 2668 1682 2709 inaniter
1724 2667 1904 2721 expleto
1931 2682 1965 2705 ω

419 2740 445 2767 a
492 2727 693 2768 Turones
741 2727 887 2768 redire
935 2727 1082 2781 coepit·
1132 2730 1178 2768 et
1224 2727 1421 2781 fatigato
1469 2727 1670 2768 exercitu
1722 2726 1904 2767 tandem

418 2871 445 2890 u)
472 2863 632 2888 vix-cuidam
655 2873 677 2892 c,
768 2865 796 2895 1»)
823 2865 895 2889 ιιι-1η·
926 2872 1000 2895 quae
1026 2873 1048 2891 r.
1143 2868 1168 2895 c)
1195 2866 1321 2897 sequitu»-
1349 2865 1384 2891 bc
1410 2867 1590 2896 arpunctum.
1683 2863 1712 2888 du
1739 2865 1857 2900 excepit
1882 2872 1904 2889 r.

418 2909 443 2928 v)
468 2901 504 2920 w'r·
524 2900 573 2923 lm«-
594 2901 653 2923 lma
673 2908 695 2924 r,
