2125 3234
418 301 463 334 28
699 297 956 333 NITHARDI
981 297 1343 334 HISTORIARUM
1367 299 1520 334 LIBER
1546 299 1619 336 ΙΙΙ.

322 423 530 473 841.opus
562 419 739 460 animus
772 418 994 466 decrevit;
1037 418 1115 458 sed
1148 431 1204 459 ne
1236 419 1356 460 forte
1389 419 1582 472 quilibet
1615 433 1898 474 quocumque

417 477 551 518 modo
593 477 810 531 deceptus
849 489 920 517 res
964 478 1118 516 nostro
1159 476 1207 516 in
1245 478 1449 530 tempore
1491 481 1659 530 gestas,
1702 481 1897 532 praeter-

417 549 551 588 quam
593 538 778 576 exactae
819 536 939 583 sunt,
982 547 1166 575 narrare
1209 537 1480 587 praesumat,
1527 549 1580 576 ex
1621 536 1692 576 his
1732 537 1896 590 quibus

417 594 608 635 interfui
640 593 827 633 tertium
860 592 1066 633 libellum
1100 595 1153 632 ut
1185 592 1398 633 adderem
1432 593 1649 646 acquievi.

278 679 400 704 1un.25.
562 667 597 702 1.
660 661 839 703 Proelio
880 662 1085 715 quidem,
1131 662 1201 702 uti
1242 662 1499 716 praefatum
1541 664 1631 711 est,
1680 665 1891 705 streuue³
1922 681 1939 705 5

417 723 612 775 peracto,
646 721 756 773 quid
789 721 844 761 de
877 719 1141 774 palantibus
1168 733 1384 774 peragere
1407 716 1695 771 debereturb,
1718 721 1897 763 Lodhu-

414 780 539 820 vicus
571 781 618 820 et
651 778 847 819 Karolus
879 779 926 818 in
960 779 1119 819 eodem
1151 792 1310 833 campo
1343 778 1595 821 deliberare
1633 783 1895 834 coeperunt.

415 838 473 878 Et
505 837 690 890 quidam
722 837 790 877 ira
822 837 1017 891 correpti
1049 837 1259 891 persequi
1300 838 1453 878 hostes
1495 838 1761 887 suadebant,
1804 839 1896 892 qui-

414 897 516 936 dam
551 897 717 944 autem,
742 897 788 936 et
815 895 1008 936 maxime
1029 908 1170 948 reges,
1196 895 1462 937 miserantes
1483 896 1638 937 fratris
1661 897 1896 951 plebisque

414 960 472 1003 et,
506 956 559 994 ut
589 953 760 994 iudicio
792 953 879 994 Dei
912 956 957 994 et
990 954 1074 994 hac
1107 953 1244 1007 plaga
1274 954 1467 1007 repressi
1499 954 1555 995 ab
1587 955 1744 1008 iniqua
1776 956 1895 1010 cupi-
1922 971 1956 996 ιο

414 1012 560 1054 ditate
590 1012 922 1065 resipiscerent,
957 1014 1003 1053 et
1035 1012 1132 1053 Deo
1166 1012 1366 1053 donante
1407 1012 1619 1066 deinceps
1658 1013 1895 1055 unanimes

412 1071 460 1111 in
501 1084 606 1112 vera
644 1070 827 1111 iusticia
868 1071 1145 1118 devenirent,
1188 1071 1275 1123 piis
1307 1070 1554 1112 visceribus
1595 1071 1730 1112 solito
1771 1085 1894 1114 more

412 1129 648 1183 optabant.
701 1129 758 1168 In
790 1142 878 1181 quo
911 1129 1095 1182 negotio
1118 1129 1205 1170 Dei
1238 1129 1564 1183 omnipotentis
1588 1129 1895 1171 misericordia

412 1191 464 1228 ut
504 1187 846 1241 prestolaretur,
894 1187 1161 1228 suadebant.
1235 1186 1410 1238 Quibus
1452 1189 1602 1229 cetera
1644 1187 1894 1230 multitudo

413 1246 712 1287 assentientes
754 1259 780 1286 a
819 1245 992 1300 proelio
1034 1248 1079 1286 et
1120 1246 1289 1300 praeda
1330 1246 1663 1287 discesseruntl
1705 1249 1752 1288 et
1797 1247 1893 1289 fere
1921 1262 1954 1287 15

412 1305 642 1346 mediante
684 1304 756 1345 die
802 1305 858 1345 ad
901 1306 1049 1345 castra
1089 1305 1303 1354 redeunt,
1352 1305 1486 1358 quid⁰
1536 1305 1747 1359 deinceps
1794 1319 1894 1346 con-

411 1363 576 1404 sultius
614 1359 851 1404 acturumd
885 1363 1129 1411 videretur,
1165 1363 1474 1404 deliberaturi.
1538 1363 1646 1404 Fuit
1678 1364 1887 1417 quideme

409 1422 570 1476 ingens
617 1435 832 1463 numerus
879 1422 1072 1475 praedae
1114 1424 1160 1462 et
1205 1422 1366 1475 ingens
1413 1417 1572 1463 cedesf
1618 1424 1664 1463 et
1709 1423 1895 1476 insuper

411 1480 719 1530 ammirabilis,
752 1480 891 1520 immo
924 1482 970 1521 et
1001 1480 1165 1521 merito
1197 1479 1414 1520 notabilis
1449 1480 1758 1521 misericordia
1797 1483 1893 1522 tam

409 1552 568 1592 regum
601 1552 736 1592 quam
769 1540 815 1579 et
849 1538 1176 1579 universorum.
1249 1538 1367 1579 Nam
1409 1538 1596 1579 diversis
1638 1553 1718 1593 pro
1759 1538 1894 1581 rebus
1919 1554 1954 1579 20

272 1612 394 1637 mmo.
412 1597 531 1638 diem
564 1597 843 1638 dominicum
874 1597 990 1638 inibi
1022 1599 1203 1638 acturos
1236 1610 1282 1638 se
1316 1597 1642 1638 deliberarunt.
1715 1597 1772 1638 In
1804 1611 1893 1651 quo

411 1656 546 1696 missa
587 1658 772 1710 peracta
813 1656 982 1697 amicos
1023 1657 1069 1696 et
1108 1655 1338 1705 inimicos,
1389 1656 1546 1697 fideles
1594 1658 1640 1698 et
1686 1656 1893 1698 infideles

411 1714 582 1768 pariter
622 1714 883 1768 sepulturae
926 1714 1184 1763 tradebant,
1227 1714 1363 1768 plaga
1404 1717 1634 1768 correptos
1675 1728 1726 1756 ac
1768 1715 1893 1756 semi—

410 1773 535 1814 vivos
583 1773 739 1814 eodem
788 1773 922 1814 modo
969 1786 1050 1827 pro
1090 1773 1262 1813 viribus
1310 1786 1363 1814 ex
1410 1773 1562 1814 animo
1608 1773 1892 1815 refovebant.

410 1831 521 1873 Post
567 1831 649 1872 hos
696 1831 774 1885 qui
819 1832 933 1885 fuga
979 1833 1216 1873 evaserant
1268 1831 1490 1873 miserunt
1536 1832 1802 1879 offerentes,
1856 1833 1894 1873 si
1920 1845 1954 1871 25

409 1890 577 1932 reverti
618 1903 727 1931 sana
767 1890 856 1931 fide
897 1889 1080 1939 vellent,
1124 1890 1276 1930 omnia
1317 1890 1486 1931 delicta
1526 1891 1713 1931 remitti.
1784 1890 1894 1932 Post

410 1949 522 1990 haec
543 1962 673 2003 reges
696 1948 943 2002 populique
966 1961 1101 2002 super
1122 1949 1296 1990 fratre&
1322 1943 1609 2002 populoque¹¹
1632 1947 1894 1990 Christiano

411 2007 617 2048 dolentes
649 2007 906 2061 percontari
929 2007 1164 2061 episcopos
1188 2009 1448 2061 coeperunt,
1472 2007 1581 2061 quid
1605 2020 1737 2062 agere
1760 2021 1895 2062 super

409 2067 494 2107 hoc
527 2066 712 2120 negotio
746 2065 978 2107 deberent.
1037 2064 1183 2116 Quam
1216 2066 1272 2107 ob
1305 2080 1400 2107 rem
1432 2066 1670 2107 unanimes
1703 2066 1760 2107 ad
1793 2080 1893 2108 con·

344 2164 347 2167 .
410 2124 566 2165 cilium
606 2137 762 2165 omnes
799 2125 999 2179 episcopi
1041 2124 1293 2174 confluunt,
1335 2125 1662 2179 inventumque
1702 2125 1750 2165 iu
1793 2138 1892 2167 con-
1919 2139 1953 2164 ³0

408 2185 550 2224 ventu
581 2183 765 2237 publico
803 2185 884 2232 est,
927 2183 1047 2236 quod
1090 2197 1170 2237 pro
1211 2183 1307 2224 sola
1348 2183 1531 2224 iusticia
1573 2186 1618 2225 et
1661 2184 1892 2237 aequitate

409 2242 755 2291 decertaverint,
798 2243 844 2282 et
885 2242 971 2283 hoc
1005 2241 1091 2282 Dei
1132 2241 1298 2282 iuditio
1341 2242 1633 2283 manifestum
1676 2243 1892 2284 effectum

409 2301 489 2350 sit,
538 2313 589 2341 ac
637 2314 718 2354 per
757 2301 843 2341 hoc
889 2300 1090 2341 inmunis
1137 2300 1282 2342 omnis
1323 2300 1411 2342 Dei
1457 2301 1666 2342 minister
1711 2301 1758 2341 in
1807 2301 1891 2342 hoc

408 2359 593 2413 negotio
626 2359 797 2409 haberi,
830 2360 925 2399 tam
957 2372 1114 2400 suasor
1145 2373 1279 2413 quam
1313 2361 1358 2400 et
1390 2359 1591 2408 effector,
1627 2359 1889 2406 deberetur;

409 2420 456 2458 at
488 2417 761 2471 quicumque
793 2417 1026 2459 consciens
1058 2418 1145 2459 sibi
1177 2420 1257 2458 aut
1289 2418 1355 2459 ira
1398 2420 1478 2458 aut
1519 2418 1623 2459 odio
1665 2421 1745 2458 aut
1777 2431 1893 2459 vana
1919 2432 1953 2457 35

408 2476 555 2530 gloria
586 2478 666 2516 aut
699 2479 820 2518 certe
853 2476 1058 2530 quolibet
1089 2476 1202 2517 vitio
1243 2477 1457 2530 quiddam
1501 2477 1548 2517 in
1590 2477 1674 2518 hac
1717 2477 1892 2531 expedi-

409 2610 436 2639 a)
456 2612 576 2641 strenue
598 2616 621 2633 c.
713 2608 742 2639 b)
770 2613 962 2640 perageretur
987 2616 1061 2635 corr.
1088 2615 1230 2639 peragere
1256 2606 1430 2635 deberetur:
1458 2609 1532 2638 sorte
1558 2609 1657 2640 peragi
1677 2608 1891 2633 emendandum.

408 2648 434 2673 c)
449 2642 519 2673 quid
535 2651 589 2669 om.
603 2651 626 2670 c.
685 2641 713 2675 d)
734 2644 773 2667 sic
786 2651 808 2668 c.
825 2651 878 2674 pro
892 2643 1054 2673 agendum:
1068 2645 1161 2668 eadem
1177 2644 1236 2674 fere
1249 2644 1333 2668 dictio
1344 2652 1432 2674 snpra
1447 2652 1476 2674 p.
1491 2645 1534 2674 23,
1550 2644 1568 2668 I.
1585 2644 1665 2675 lOsq.
1720 2642 1854 2675 o)‹1uid:1=
1867 2651 1890 2667 c.

410 2680 429 2708 r)
451 2677 522 2713 code
544 2686 564 2705 c.
638 2679 665 2711 g)
687 2680 785 2703 fratris
805 2687 827 2705 c.
902 2678 933 2713 h)
954 2680 1073 2711 populo,
1094 2687 1123 2710 q;
1144 2686 1233 2710 supra
1253 2680 1352 2703 addito
1372 2687 1395 2705 c.

411 2774 443 2814 1)
474 2773 660 2806 Auctorem
686 2774 880 2806 tradentem
904 2774 1051 2806 vsctores
1080 2784 1146 2807 non
1182 2783 1253 2807 esse
1286 2773 1398 2807 hostes
1427 2777 1624 2817 persecutos
1650 2783 1671 2805 a
1698 2772 1893 2806 Prudentia
1917 2779 1952 2803 ⁴0

407 2821 520 2860 (Anu.
547 2820 682 2857 Berlin,
711 2831 743 2854 a.
769 2822 851 2862 841,
878 2819 939 2854 SS.
967 2820 1010 2854 R.
1040 2821 1080 2855 G.
1105 2832 1140 2863 p.
1165 2822 1242 2862 25),
1268 2823 1329 2864 qui
1352 2821 1393 2853 de
1418 2821 1629 2862 fuyienfe‘um
1653 2821 1892 2862 1wrsecutione

407 2867 504 2908 dicit,
530 2876 599 2900 non
623 2867 809 2901 dissentire
835 2867 954 2910 Meyer
978 2877 1042 2900 ron
1074 2867 1226 2899 Knonau
1254 2868 1274 2902 Ι.
1300 2879 1326 2902 c.
1353 2879 1390 2910 p.
1414 2869 1460 2903 29
1478 2878 1527 2910 sq.
1553 2872 1583 2900 et
1605 2877 1640 2909 p.
1667 2869 1724 2906 99,
1750 2877 1784 2902 n.
1814 2868 1891 2902 135.

407 2917 494 2946 recte
519 2913 730 2957 explanarit.
