2125 3234
176 983 209 1008 10

175 1275 208 1301 15

174 1691 209 1715 20

88 1862 133 1894 *μ
145 1861 206 1888 668.

175 1982 208 2007 25

174 2275 209 2301 30

175 2541 210 2567 35

177 2819 212 2844 40

471 323 727 360 NITHARDI
751 323 1116 361 HISTORIARUM
1141 324 1296 360 LIBER
1317 324 1389 361 111.
1413 325 1479 362 IV.
1672 329 1718 363 39

234 448 281 488 et
303 445 501 486 Karolus
523 445 706 498 quidem
734 458 813 499 per
833 445 1079 499 Wasagum
1096 445 1110 470 ¹
1140 445 1229 487 iter
1250 445 1439 487 difficile
1471 445 1714 499 ingressus,
1730 455 1811 490 842.

234 503 526 545 Lodhuvicus
570 517 675 544 vero
720 506 843 545 terra
886 503 1102 557 Renoque
1150 517 1230 557 per
1272 503 1511 557 Bingam³‚
1560 504 1716 546 Karle-

234 557 453 602 mannusb
492 564 646 603 autem
678 575 758 615 per
789 562 1022 603 Einrichi²
1054 563 1111 602 ad
1144 561 1445 603 Conflentim⁰
1483 562 1531 601 in
1564 563 1716 603 crasti-

234 635 343 661 num
392 621 503 661 hora
548 620 646 662 fere
688 621 778 662 diei
825 623 952 661 sexta
991 619 1265 670 venerunt33
1314 620 1611 674 protinusque
1658 621 1716 661 ad
1731 636 1818 663 Mart.
1831 637 1873 661 18.

236 679 453 720 Sanctum
487 678 720 720 Castorem
753 679 971 720 orationis
1004 692 1139 719 causa
1171 681 1382 732 pergunt,
1425 678 1606 719 missam
1643 692 1717 719 au-

235 738 369 778 diunt
408 750 459 778 ac
493 737 657 778 deinde
698 737 818 778 idem
859 750 988 791 reges
1030 737 1193 777 armati
1236 750 1370 778 naves
1403 737 1717 779 conscendunt

235 797 281 837 et
311 794 550 836 Mosellam
593 795 713 835 otius
753 795 986 836 traiciunt.
1051 794 1182 845 Quod
1225 809 1327 836 cum
1369 795 1583 849 Otgarius
1624 795 1718 837 Mo-

233 853 417 907 gontiae
469 853 588 894 sedis
640 854 897 908 episcopus,
952 853 1097 894 Hatto
1150 867 1298 895 comes
1311 854 1340 902 4,
1394 850 1718 895 Herioldusd·⁵

235 912 463 965 ceterique
504 912 730 961 viderunt,
774 925 884 965 quos
927 912 1181 953 Lodharius
1225 912 1281 953 ob
1325 912 1410 953 hoc
1458 912 1572 954 inibi
1618 911 1716 954 reli-

235 972 407 1024 querat,
440 972 494 1010 ut
518 970 611 1011 illis
637 970 881 1011 transitum
908 970 1260 1024 prohibuissent,
1293 971 1456 1012 timore
1483 970 1716 1024 perterriti

234 1029 368 1070 litore
414 1028 574 1070 relicto
616 1029 848 1082 fugerunt.
917 1028 1172 1069 Lodharius
1213 1042 1404 1082 quoque,
1453 1031 1504 1069 ut
1549 1029 1717 1070 fratres

235 1101 338 1128 suos
370 1087 609 1129 Mosellam
651 1088 894 1128 transissee
933 1087 980 1127 in
1014 1087 1220 1128 Sinciaco
1258 1087 1431 1134 didicit,
1475 1086 1717 1128 confestim

235 1149 281 1188 et
321 1146 416 1200 ipse
458 1146 583 1187 abire
616 1148 662 1187 et
701 1159 842 1199 regno
875 1148 921 1187 et
961 1146 1066 1187 sede
1081 1145 1096 1167 ⁴³
1127 1159 1217 1187 non
1252 1145 1445 1194 destitit,
1483 1146 1626 1186 donec
1670 1158 1717 1186 se

234 1218 368 1259 super
400 1204 542 1258 ripam
575 1200 780 1245 Rodanif
812 1217 913 1245 cum
946 1204 1115 1258 paucis,
1151 1204 1228 1257 qui
1261 1217 1306 1245 se
1339 1204 1466 1258 sequi
1499 1203 1717 1245 delibera-

232 1264 406 1311 verant,
440 1262 601 1304 ceteris
634 1262 809 1303 omissis
842 1263 1060 1316 excoepit.

375 1320 476 1371 Qua
505 1321 640 1362 finem
674 1320 862 1361 secundi
888 1320 1148 1362 certaminis
1176 1321 1304 1362 dedit
1330 1321 1598 1370 Lodharius,
1632 1322 1720 1362 ter-

233 1380 433 1421 minetur
463 1379 579 1420 liber
609 1379 792 1420 tercius.

674 1522 893 1569 LIBER
942 1520 985 1582 Q
995 1521 1128 1569 UAR
1138 1520 1272 1570 TUS.

375 1616 479 1658 Non
511 1616 659 1656 solum
692 1629 776 1665 me,
818 1616 889 1656 uti
929 1615 1186 1669 praefatum
1221 1614 1330 1664 est⁷‚
1374 1614 1430 1656 ab
1464 1615 1549 1656 hoc
1583 1628 1717 1669 opere

234 1675 508 1716 narrationis
537 1675 766 1727 quiescere
790 1674 1004 1723 delectat,
1038 1687 1192 1715 verum
1228 1673 1379 1723 etiam,
1413 1686 1501 1726 quo
1535 1673 1590 1714 ab
1624 1674 1720 1714 uni-

234 1747 362 1775 versa
407 1746 456 1775 re
503 1733 688 1786 publica
734 1734 891 1773 totusg
934 1733 1154 1781 secedam,
1205 1745 1329 1773 mens
1370 1732 1506 1772 variis
1547 1732 1720 1785 quaeri-

235 1787 425 1833 moniis¹¹
465 1792 653 1841 referta,
697 1791 889 1832 assiduis
930 1790 1306 1832 meditationibus
1348 1790 1481 1830 anxia
1520 1786 1719 1831 versati.

235 1851 323 1892 Sed
356 1851 570 1905 quoniam
603 1863 673 1891 me
706 1850 761 1891 de
793 1849 928 1891 rebus
970 1849 1192 1890 universis
1222 1848 1412 1889 fortuna
1445 1848 1571 1890 *hinc
1612 1849 1719 1890 inde

234 1905 412 1950 iunxitk
447 1909 699 1962 validisque
732 1908 943 1962 procellis
975 1903 1278 1949 moerentem¹
1319 1907 1459 1956 vehit,
1493 1921 1582 1961 qua
1619 1921 1719 1961 por-

234 1972 332 2009 tum
372 1968 508 2017 ferar,
549 1968 686 2008 immo
718 1979 825 2008 vero
858 1967 1069 2021 poenitus
1101 1966 1274 2019 ignoro.
1338 1966 1532 2007 Interim
1564 1968 1719 2008 autem

235 2028 270 2068 si
314 2027 499 2080 aliquod
531 2028 711 2080 tempus
752 2025 946 2066 otiosum
989 2038 1243 2079 repperero,
1277 2025 1429 2078 quidm
1462 2024 1621 2074 oberit,
1666 2025 1717 2074 si,

233 2086 303 2126 uti
329 2086 501 2126 iussum
524 2087 605 2134 est,
632 2085 758 2126 facta
789 2084 1075 2138 principumn
1103 2096 1429 2138 procerumque
1456 2085 1716 2124 nostrorum

234 2144 329 2185 stili
351 2144 504 2185 officio
530 2143 773 2185 memoriae
807 2143 1022 2184 mandare
1049 2141 1250 2183 curabo‘.>
1297 2142 1414 2195 Ergo
1438 2142 1544 2183 huic
1567 2155 1719 2183 rerum

233 2203 358 2257 operi
381 2205 543 2256 quarto
576 2202 784 2242 assistam
817 2204 875 2251 et,
910 2201 946 2242 si
978 2201 1025 2241 iu
1058 2201 1221 2242 ceteris
1252 2200 1386 2242 rebus
1418 2200 1590 2241 futuris
1623 2214 1719 2255 pro·

235 2263 362 2303 desse
388 2261 646 2315 nequivero,
681 2260 843 2301 saltem
875 2260 923 2300 in
950 2260 1020 2300 his
1043 2259 1205 2301 erroris
1232 2259 1508 2301 nubeculam
1535 2259 1719 2313 proprio

234 2320 389 2362 labore
421 2320 613 2374 posteris
646 2319 894 2373 detergam.

235 2434 263 2465 a)
283 2434 408 2464 Bingum
428 2441 501 2461 corr.
520 2434 654 2465 Bingam.
726 2433 754 2465 b')
776 2433 977 2457 Kalemanuus
997 2439 1072 2458 corr.
1094 2432 1320 2459 Karlemaunus.
1386 2433 1412 2464 c)
1433 2432 1515 2462 infra
1528 2439 1561 2463 p.
1575 2432 1617 2463 46,
1639 2432 1658 2459 Ι,
1676 2432 1719 2458 23.

235 2470 430 2496 Conflentum.
486 2467 515 2499 d)
535 2469 683 2494 herieldus
699 2476 773 2495 corr.
789 2468 949 2494 herioldus.
1004 2468 1031 2500 e)
1053 2467 1177 2492 transise
1199 2475 1222 2491 c.
1278 2467 1301 2498 f)
1322 2465 1440 2492 rodanis
1462 2475 1485 2492 c.
1542 2468 1569 2499 g)
1589 2468 1678 2492 totius
1699 2474 1722 2494 c.

235 2505 265 2537 h)
287 2505 480 2539 querimoniis
499 2512 523 2529 c.
596 2504 616 2534 i)
637 2505 677 2528 sic
694 2511 717 2529 c.
734 2511 791 2534 pro
811 2506 957 2528 versatur.
1038 2502 1069 2534 k)
1088 2503 1145 2527 siz-e
1165 2502 1258 2527 vinxit
1278 2500 1391 2533 (Jaffe').
1472 2502 1492 2533 l)
1512 2506 1675 2528 merentem
1696 2510 1719 2527 c.

235 2542 273 2572 m)
295 2541 333 2571 qd
348 2538 449 2572 (quod)
470 2547 492 2567 c.
565 2540 595 2569 n)
615 2539 793 2570 principium
813 2546 836 2564 c.

237 2623 271 2664 1)
300 2622 331 2657 I.
355 2631 380 2657 e.
410 2632 478 2664 per
503 2625 645 2663 montes,
676 2623 737 2663 qui
771 2621 809 2653 in
841 2621 994 2653 sinistra
1027 2620 1113 2663 ripa
1138 2619 1256 2653 Rheni
1287 2621 1349 2654 siti
1372 2620 1473 2653 hodie
1498 2619 1722 2652 ‘Hunsrz'c’ck'

234 2671 477 2703 nominantur.
583 2668 618 2712 2)
645 2668 783 2709 Payum
809 2668 855 2700 ad
880 2667 1060 2701 (lexim-am
1085 2666 1204 2700 Rheni
1227 2671 1256 2700 et
1281 2677 1305 2699 a
1329 2668 1474 2701 meridie
1498 2666 1666 2709 Loyanae
1691 2671 1721 2700 et

230 2717 322 2760 payi
345 2715 603 2759 Enyerisqozce.
630 2714 670 2750 P.
783 2715 818 2757 3)
848 2714 899 2748 De
929 2723 997 2757 quo
1030 2715 1154 2747 itinere
1187 2715 1298 2747 trium
1326 2715 1533 2757 principum
1567 2715 1722 2756 remonis

236 2763 315 2796 bene
344 2764 484 2806 peritus
516 2763 692 2804 sayaciter
725 2762 895 2794 disseruit
922 2761 987 2795 Ed.
1014 2760 1176 2802 Ausfeld,
1205 2761 1474 2794 ‘Westdeutsche
1499 2760 1721 2801 Zeitschrift’

236 2809 345 2852 XIV,
373 2821 412 2853 p.
438 2811 508 2845 343
530 2819 579 2852 sq.
701 2809 738 2852 4)
774 2808 828 2850 Cf.
855 2807 976 2849 Meyer
1000 2817 1065 2841 von
1090 2807 1250 2841 Knomzu
1285 2808 1306 2843 l.
1333 2818 1360 2841 c.
1389 2819 1427 2851 p.
1457 2809 1536 2850 116,
1570 2818 1606 2842 n.
1632 2809 1722 2850 3853

236 2857 422 2891 Damnaer
443 2857 465 2891 l.
484 2866 510 2892 c.
531 2867 570 2899 p,
591 2857 671 2897 174,
695 2867 729 2890 n.
748 2856 780 2890 2.
878 2856 914 2897 5)
943 2855 1132 2888 Danao-um
1152 2856 1328 2898 princeps.
1426 2856 1461 2898 6)
1490 2854 1573 2889 scil.
1592 2855 1724 2898 Aquis-

234 2905 346 2947 9ram'
369 2903 462 2945 (vide
486 2903 507 2939 l.
525 2903 585 2937 IV
583 2929 593 2946 ,
619 2913 647 2938 c.
668 2904 715 2945 1),
741 2911 809 2945 quo
833 2911 870 2935 se
893 2902 1038 2935 contulit
1064 2901 1246 2942 Sinca'aco,·
1271 2902 1317 2943 cf.
1341 2901 1424 2945 Req.
1451 2901 1540 2946 Imp.
1562 2901 1592 2943 Ι,
1618 2901 1667 2936 ed.
1688 2902 1722 2944 2,

236 2961 293 2986 nr.
314 2951 439 2986 109101.
538 2950 573 2994 7)
599 2949 707 2983 Libri
729 2949 801 2985 III.
825 2949 958 2993 praef,
980 2959 1018 2992 p.
1037 2950 1082 2984 27
1096 2959 1145 2992 sq.
