2125 3234
270 402 351 436 842.

271 1356 351 1390 843.

230 1425 289 1452 Iul.
308 1426 351 1451 14.

271 1479 351 1513 842.

366 279 411 314 48
647 275 904 311 NITHARDI
927 275 1291 311 HISTORIARUM
1315 275 1471 311 LIBER
1494 275 1562 312 IV.

365 396 523 437 rabilis
555 396 752 438 Centulo
783 397 1033 438 translatus
1075 399 1121 438 et
1162 410 1280 437 anno
1317 399 1420 450 post
1456 397 1689 438 decessum
1723 397 1847 438 eius1

367 454 620 496 XXVIIII.
645 468 829 509 corpore
853 455 1021 508 absque
1044 455 1323 496 aromatibus
1344 455 1618 496 indissoluto
1639 458 1847 509 repertus
1902 459 1912 467 ‘

369 516 437 554 est
451 514 478 553 ².
541 513 648 554 Fuit
690 514 764 554 hic
796 514 864 554 vir
904 516 1030 554 ortus
1073 527 1126 554 eo
1166 513 1215 552 in
1253 514 1458 566 tempore
1499 513 1624 554 haud
1663 513 1847 567 ignotae

367 571 585 613 familiae.
646 571 1015 625 Madhelgaudus
1047 573 1214 620 autem,
1251 570 1535 611 Richardusa
1573 573 1619 612 et
1651 572 1725 612 hic
1756 586 1848 612 una

367 625 610 684 progenieb
647 630 776 670 fuere
809 632 855 670 et
877 630 999 683 apud
1021 630 1241 683 Magnum
1265 628 1485 669 Karolum
1510 629 1672 670 merito
1695 631 1849 683 magni
1873 643 1889 668 5

368 688 703 729 habebantur0.
765 686 855 737 Qui
887 701 942 728 ex
973 688 1173 729 eiusdem
1206 687 1362 740 magni
1392 687 1512 741 regis
1543 687 1639 728 filia
1665 688 1848 730 nomine

369 746 569 787 Berehta
610 742 922 786 Hartnidumd
966 746 1159 787 fratrem
1200 759 1349 786 meum
1389 748 1435 786 et
1468 759 1538 787 me
1570 746 1849 787 Nithardum

368 804 542 856 genuit.
606 803 802 845 Centulo
834 817 947 858 opus
980 805 1220 845 mirificum
1250 804 1299 844 in
1321 804 1491 846 honore
1523 805 1849 859 omnipotentis

369 862 455 903 Dei
487 862 722 915 sanctique
753 862 984 903 Richari10
1023 862 1278 904 construxit
1295 862 1321 912 3,
1359 862 1584 904 familiam
1617 863 1704 904 sibi
1736 877 1850 904 com-

368 921 549 961 missam
581 921 770 962 mirifice
801 921 931 969 rexit,
965 921 1072 962 hinc
1104 920 1298 962 vitame*
1337 934 1439 961 cum
1471 922 1595 962 omni
1625 921 1850 962 felicitate
1876 936 1909 960 ιο

369 979 634 1020 defunctam
668 978 865 1020 Centulo
897 979 945 1019 in
976 993 1087 1033 pace
1125 980 1310 1033 quievit.
1373 979 1460 1019 His
1492 979 1648 1032 paucis
1681 980 1737 1020 de
1769 980 1850 1020 ori-

368 1038 472 1091 gine
505 1051 605 1079 mea
637 1037 851 1079 delibatis
884 1038 942 1078 ad
974 1038 1191 1079 historiae
1224 1033 1413 1079 seriemf
1449 1038 1597 1079 redire
1630 1037 1744 1079 libet
1756 1038 1785 1076 4.

511 1123 549 1160 6.
599 1119 714 1160 Cum
754 1122 921 1169 autem,
963 1120 1034 1160 uti
1074 1120 1333 1174 praefatum
1366 1122 1447 1170 est,
1485 1120 1653 1161 reversi
1685 1120 1851 1174 quique

367 1178 463 1231 regi
497 1191 577 1219 suo
610 1191 725 1231 quae
756 1178 1028 1219 invenerant
1060 1179 1364 1227 nuntiassent,
1404 1179 1510 1219 hinc
1542 1178 1708 1232 inopia,
1743 1179 1850 1220 hinc

368 1236 517 1277 hieme
558 1237 774 1287 instante,
818 1237 925 1278 hinc
967 1237 1118 1287 etiam,
1162 1237 1283 1291 quod
1325 1237 1544 1291 primores
1585 1237 1743 1292 populi
1780 1238 1852 1279 de·
1877 1251 1910 1276 15

368 1297 553 1348 gustato
585 1295 725 1337 semel
756 1295 959 1349 periculo
990 1296 1154 1337 iterum
1186 1295 1409 1350 praelium
1432 1296 1663 1345 nolebant,
1698 1309 1748 1337 ac
1771 1309 1852 1351 per

367 1353 466 1403 hoc,
499 1356 552 1394 ut
584 1368 671 1408 pax
702 1354 824 1395 inter
854 1354 958 1395 illos
989 1368 1132 1408 usque
1173 1355 1221 1395 in
1251 1355 1469 1408 vigesimo
1508 1355 1580 1395 die
1618 1357 1720 1408 post
1751 1355 1851 1396 mis-

367 1425 461 1453 sam
495 1413 642 1454 sancti
677 1413 928 1453 Iohannisg
963 1414 1233 1463 firmaretur,
1278 1413 1547 1454 assentiunt.
1610 1413 1683 1453 Ad
1715 1426 1849 1467 quam

367 1466 687 1512 statuendamh
724 1472 831 1512 hinc
863 1472 970 1512 inde
1002 1467 1242 1526 prima-tesi
1284 1471 1442 1526 populi
1463 1471 1851 1513 Teotonis-villam

368 1529 618 1579 confluunt,
652 1530 821 1579 iurant,
855 1532 907 1570 ut
939 1530 1026 1584 ipsi
1060 1543 1187 1584 reges
1219 1531 1340 1572 inter
1369 1543 1414 1571 se
1436 1530 1621 1571 interim
1644 1532 1851 1571 mutua-m
1877 1545 1911 1569 20

368 1601 524 1642 pacem
568 1584 775 1630 servarek
820 1584 1085 1638 deberent¹,
1132 1591 1178 1630 et
1218 1591 1271 1629 ut
1315 1602 1602 1642 nequaquam
1646 1589 1851 1642 quolibet

369 1647 502 1688 modo
535 1647 840 1697 omitteretur,
884 1650 976 1688 nem
1011 1647 1060 1688 in
1097 1648 1256 1688 eodem
1295 1650 1536 1696 conventu,
1579 1650 1631 1688 ut
1664 1647 1851 1701 aequius

368 1708 566 1760 possent,
600 1719 733 1747 omne
764 1719 957 1760 regnum
986 1706 1254 1756 dividerent,
1289 1709 1496 1759 essetque
1518 1706 1749 1754 Lodharii,
1782 1707 1853 1747 uti

367 1765 568 1805 iuratum
608 1765 774 1814 fuerat,
817 1765 1016 1819 partium
1060 1764 1223 1806 electio
1269 1765 1469 1806 eiusdem
1511 1765 1654 1819 regni.
1730 1765 1852 1806 Hinc

367 1818 562 1876 quiquen
599 1837 689 1877 qua
719 1822 857 1864 libuit
890 1824 1110 1873 discessit,
1145 1826 1190 1864 et
1222 1824 1478 1864 Lodharius
1512 1823 1654 1877 Aquis
1686 1823 1853 1865 hiema-
1878 1837 1912 1862 25

366 1883 467 1922 tum
500 1882 636 1935 petiit
649 1881 675 1932 5,
710 1881 1001 1923 Lodhuvicus
1031 1882 1300 1931 Baioariam,
1334 1882 1532 1923 Karolus
1565 1884 1718 1923 autem
1750 1896 1853 1923 uxo-

366 1954 462 1981 rem
495 1941 715 1982 ducturus
749 1939 1026 1982 Carisiacum
1059 1941 1198 1982 venit.
1262 1940 1435 1982 Eodem
1466 1942 1670 1994 tempore
1703 1941 1854 1982 Mauri

368 2002 420 2039 a⁰
468 1999 708 2053 Sigenulfo
748 2000 920 2041 fratrel'
969 1999 1230 2053 sigihardiss
1272 1999 1359 2040 sibi
1401 2013 1537 2040 causa
1568 1999 1760 2040 subsidii
1791 2000 1853 2040 in-

369 2058 497 2098 ducti
530 2058 843 2099 Beneventum
865 2058 1105 2099 invadunt.
1158 2058 1331 2100 Eodem
1354 2059 1493 2099 etiam
1515 2060 1718 2112 tempore
1742 2058 1854 2100 Stel-

335 2165 339 2167 4
369 2116 495 2170 linga
526 2117 573 2157 in
597 2116 794 2158 Saxonia
816 2119 976 2158 contra
998 2117 1204 2158 dominos
1231 2130 1335 2158 suos
1357 2117 1523 2158 iterum
1555 2117 1852 2167 rebeilarunt,
1881 2130 1913 2156 30

368 2175 446 2216 sed
479 2175 651 2229 praelio
685 2176 922 2217 commisso
953 2175 1095 2216 nimia
1128 2176 1237 2217 cede
1269 2176 1488 2230 prostrati
1519 2178 1647 2225 sunt3
1683 2189 1734 2217 ac
1757 2177 1849 2218 sicq

369 2234 645 2275 auctoritate
685 2234 875 2284 interiit,
918 2234 1038 2288 quod
1077 2234 1173 2276 sine
1206 2235 1481 2275 auctoritate
1514 2247 1699 2288 surgere
1731 2249 1854 2289 prae·

370 2356 396 2375 a)
418 2347 555 2374 ribai-dus
575 2357 598 2374 ε.
690 2350 719 2381 b)
745 2350 888 2386 progenie
907 2357 930 2374 c.
1024 2351 1049 2379 c)
1077 2350 1263 2375 habeuantnr
1284 2357 1359 2376 corr.
1380 2349 1576 2374 habebantur.
1669 2348 1699 2374 d)
1726 2349 1855 2375 harnidu

371 2392 445 2410 corr.
473 2383 625 2409 hartnidfi.
718 2387 745 2415 e)
771 2386 870 2409 ricarii
890 2392 964 2410 ocrr.
986 2385 1114 2411 richarii.
1206 2385 1250 2415 θ’)
1271 2385 1339 2410 hine
1366 2390 1459 2416 post
1486 2385 1575 2409 vitam
1597 2385 1728 2415 Hariulfi
1747 2386 1852 2411 Chr-on.

370 2420 477 2443 Ventnl.
493 2420 556 2450 III,
570 2421 597 2452 5,
618 2421 661 2445 ed.
681 2420 715 2445 F.
730 2421 784 2445 Lot
799 2428 831 2451 p.
845 2421 905 2447 102.
978 2421 1000 2449 t)
1020 2427 1114 2445 serem
1134 2427 1209 2446 corr.
1230 2421 1348 2445 seriem.
1423 2421 1451 2450 gi
1472 2420 1587 2445 ilianuis
1609 2428 1684 2445 corr.
1706 2421 1852 2446 iohannis.
1881 2419 1914 2445 35

371 2455 400 2479 Μ
421 2454 582 2480 εῑαῑιιεηάεῑ
600 2463 675 2480 corr.
696 2453 866 2480 statuenda-1.
940 2456 960 2488 i)
980 2456 1125 2487 primatus
1144 2463 1166 2482 c.
1244 2455 1275 2486 k)
1297 2456 1410 2480 seruari
1432 2463 1455 2479 c.
1536 2456 1557 2487 1)
1576 2455 1748 2487 deberaent,
1770 2463 1787 2480 a
1806 2463 1854 2481 ea·-

364 2493 473 2520 puncto
493 2498 565 2516 corr.
588 2489 740 2516 deberent.
832 2492 870 2520 m)
892 2491 921 2515 ni
941 2498 964 2515 c.
1056 2492 1084 2521 n)
1105 2492 1145 2515 sic
1163 2498 1205 2521 c.,·
1230 2499 1255 2516 v.
1276 2498 1364 2521 supra
1384 2499 1417 2522 p.
1438 2492 1482 2521 47,
1508 2491 1527 2515 Ι.
1550 2492 1592 2518 22.
1683 2493 1711 2520 o)
1731 2498 1747 2515 a
1766 2498 1853 2522 supra

370 2526 471 2549 lineam
492 2527 630 2551 additum.
704 2526 734 2557 p)
754 2526 855 2551 [ratris
874 2534 897 2550 c.
972 2527 1001 2557 q)
1021 2526 1046 2550 si
1065 2534 1088 2551 c.

373 2621 406 2654 13
430 2620 472 2653 A.
499 2620 581 2655 814.
618 2619 721 2654 Febr.
750 2621 803 2655 18.
925 2619 961 2662 2)
998 2619 1052 2660 Cf.
1085 2619 1236 2652 Miconis
1270 2619 1424 2663 epitaph.
1452 2619 1654 2662 Anyilberti
1683 2632 1708 2655 ι’.
1736 2621 1767 2655 9.
1797 2621 1851 2659 10,

371 2666 494 2699 Poetae
528 2667 607 2701 Lat.
635 2666 707 2707 III,
733 2677 772 2709 p.
799 2668 888 2701 314:
923 2665 1010 2699 Post
1044 2677 1156 2699 annos
1191 2666 1310 2700 obitus
1344 2666 1400 2700 bis
1435 2666 1545 2700 denos
1581 2667 1656 2700 eius
1692 2670 1727 2701 et
1762 2671 1855 2709 octo,
1881 2679 1915 2702 io

371 2713 533 2756 Corpore
559 2724 640 2746 cum
666 2717 794 2747 nactus
818 2713 959 2757 integer
984 2713 1020 2746 in
1046 2713 1152 2747 solito
1178 2716 1241 2749 est.
1347 2715 1383 2758 3)
1413 2714 1464 2756 Of.
1491 2714 1693 2756 Anyilbet-tt
1713 2715 1754 2746 de
1780 2715 1854 2748 eccl.

372 2761 507 2794 Centul.
534 2760 696 2802 libellum,
734 2760 795 2795 SS.
822 2760 908 2803 XV,
939 2772 976 2803 p.
1006 2763 1073 2796 174
1098 2772 1168 2804 sqq.
1289 2762 1325 2805 4)
1362 2762 1417 2802 Cf.
1452 2772 1564 2804 supra
1594 2772 1632 2804 p.
1658 2763 1715 2801 37,
1753 2773 1785 2795 n.
1821 2763 1853 2795 2.

372 2807 407 2849 5)
428 2808 540 2839 Antea
563 2808 840 2841 Teotom'swilla
858 2808 1029 2848 Gundulfi
1055 2808 1174 2840 villam
1193 2809 1456 2850 (Gondret-ille)
1478 2808 1683 2852 profectus,-
1707 2809 1752 2849 cf.
1771 2808 1854 2851 Rey.

372 2854 462 2896 Imp.
490 2854 520 2895 I,
545 2855 596 2889 ed.
622 2856 655 2895 2,
682 2866 739 2889 nr.
769 2856 878 2897 1096;
909 2855 1095 2888 Dt‘immler
1120 2855 1142 2890 I.
1169 2865 1196 2890 c.
1220 2867 1256 2898 p.
1285 2856 1363 2895 187,
1388 2866 1423 2890 n.
1449 2857 1482 2890 4.
1580 2856 1615 2897 6)
1645 2855 1856 2898 Lanyobm·-

371 2902 496 2934 dorum
521 2903 621 2934 ducis
645 2913 678 2936 α.
704 2903 784 2937 839.
812 2903 1007 2944 interfecti;
1032 2903 1078 2943 cf.
1106 2902 1338 2935 Mz’ihlbacher
1363 2903 1384 2938 Ι.
1410 2914 1437 2937 c.
1464 2913 1521 2937 nr.
1551 2903 1676 2938 1093d.
1881 2913 1914 2937 45

2102 3165 2125 3234 ψ.-.
