2125 3234
302 415 384 449 841.

266 1534 341 1564 Sept.
352 1535 377 1560 1.

399 294 445 327 30
680 291 936 328 NITHARDI
959 293 1321 330 HISTORIARUM
1343 293 1500 329 LIBER
1523 292 1596 330 111.

399 414 528 465 geret
568 414 918 462 mandaverant,
960 427 1210 467 perpaucos
1250 415 1431 456 obviam
1474 414 1757 464 habuerunt;
1801 415 1879 469 qui

399 470 485 511 hoc
526 471 764 520 dicebant,
807 472 844 512 si
883 471 1003 513 idem
1047 472 1245 513 Karolus
1285 473 1344 513 ad
1384 486 1596 526 praesens
1638 476 1777 522 esset,
1819 475 1877 514 ad

397 528 530 569 illum
576 530 729 571 venire
776 529 961 571 minime
1009 530 1269 579 differrent;
1324 530 1459 571 aliter
1504 533 1658 571 autem
1704 532 1877 572 nescire

398 587 604 637 aiebant,
645 590 799 628 utrum
840 588 1013 629 viveret
1052 602 1110 628 an
1151 602 1257 629 non.
1335 589 1627 630 Iactaverant
1668 590 1788 629 enim
1830 590 1878 630 hi

398 646 475 699 qui
525 646 668 699 partis
719 645 965 686 Lodhariia
1019 646 1281 688 sentiebant
1330 647 1379 687 in
1431 646 1603 701 proelio
1655 647 1877 689 Karolum

398 703 625 753 cecidisse,
649 703 965 745 Lodhuvicum
987 705 1279 745 vulneratum
1311 708 1357 746 et
1382 705 1495 759 fuga
1516 705 1695 759 lapsum
1717 706 1876 747 abisse.

398 761 686 816 Quapropter
730 762 1041 803 inconsultum
1083 763 1268 804 aiebant
1307 763 1356 804 in
1395 763 1581 805 incertis
1626 764 1762 805 rebus
1802 764 1878 805 ali-

397 821 517 873 quod
548 820 710 862 foedus
743 834 846 861 eum
875 821 1081 874 quolibet
1101 821 1217 863 inire
1240 822 1418 863 debere.
1471 823 1534 863 At
1557 821 1878 864 Guntboldus¹

397 879 626 932 ceterique
659 879 907 920 coadunati
929 893 1066 934 supra
1087 881 1319 934 praefatos
1342 880 1503 922 Karoli
1525 881 1682 921 missos
1704 881 1877 923 irruere

396 950 442 978 se
475 937 767 987 simulabant,
802 940 848 979 et
879 938 1038 992 utique
1070 939 1300 988 fecissent,
1336 939 1374 980 si
1405 939 1504 980 ausi
1537 941 1700 981 essent.
1763 938 1878 990 Qua-

395 998 581 1050 propter
632 997 690 1037 ad
742 996 966 1037 Karolum
1018 997 1310 1038 Adhelardus
1363 999 1409 1038 et
1465 997 1605 1039 ceteri
1656 997 1878 1039 miserunt

396 1054 679 1103 mandantes,
712 1057 778 1104 ut,
812 1056 1078 1108 quantotius
1109 1057 1274 1110 posset,
1307 1056 1462 1097 venire
1494 1057 1736 1110 satageret,
1775 1069 1878 1109 qua-

394 1112 520 1153 tinus
562 1115 608 1154 et
648 1112 739 1153 illis
781 1113 1059 1154 adiutorium
1100 1114 1340 1167 praeberet
1381 1117 1448 1164 et,
1497 1114 1535 1155 si
1575 1114 1760 1164 Franci,
1808 1115 1878 1155 uti

396 1171 592 1220 aiebant,
627 1171 684 1212 ad
716 1171 847 1212 illum
879 1172 1034 1214 venire
1057 1172 1242 1222 vellent,
1277 1173 1389 1214 scire
1422 1175 1587 1227 posset.
1645 1173 1742 1226 Ipsi
1773 1186 1877 1214 vero

395 1229 670 1270 Parisiacam
712 1230 946 1272 civitatem
987 1231 1159 1272 adeunt
1200 1231 1447 1272 adventum
1480 1231 1642 1272 Karoli
1682 1234 1878 1285 praesto-

394 1283 580 1328 laturib.
644 1287 777 1339 Quod
809 1302 912 1330 cum
942 1289 1113 1331 Karolo
1146 1290 1453 1340 nunciaretur,
1487 1290 1695 1344 protinus
1727 1290 1798 1331 his
1829 1291 1877 1330 in

394 1347 601 1399 partibus
647 1347 736 1388 iter
783 1348 961 1389 direxit.
1036 1349 1110 1389 Ad
1153 1348 1435 1402 Sequanam⁰
1483 1350 1637 1390 autem
1684 1350 1737 1389 ut
1783 1362 1878 1403 per-

393 1405 531 1454 venit,
554 1406 870 1447 Adhelardum
903 1421 995 1447 una
1027 1421 1131 1448 cum
1163 1407 1326 1449 ceteris
1357 1407 1404 1448 in
1428 1407 1671 1461 Spedonna
1698 1407 1877 1448 obviam

394 1463 576 1513 habuit,
619 1466 666 1505 et
706 1478 966 1518 quanquam
1007 1468 1193 1519 propter
1237 1468 1530 1515 conventum,
1579 1462 1729 1519 quodd
1774 1479 1877 1507 cum

392 1522 535 1563 fratre
586 1523 636 1562 in
685 1523 985 1577 Lingonicam
1036 1524 1195 1566 urbem
1242 1524 1348 1565 Kal.
1396 1524 1547 1578 Sept.e
1598 1524 1877 1573 condixerat,

394 1581 607 1634 quoniam
653 1581 943 1632 imminebat,
995 1578 1183 1623 anxiusf
1230 1585 1369 1633 esset,
1421 1584 1574 1623 ratum
1621 1583 1772 1632 duxit,
1825 1585 1878 1623 ut

395 1639 556 1680 saltem
590 1640 731 1681 citato
767 1654 901 1681 cursu
941 1654 1021 1695 per
1061 1642 1222 1683 urbem
1255 1642 1578 1683 Belvacensem
1620 1655 1671 1682 ac
1713 1641 1876 1683 deinde

394 1711 474 1752 per
516 1697 848 1752 Compendium
891 1701 938 1740 et
979 1700 1251 1750 Suessionis,
1301 1701 1406 1742 hinc
1455 1714 1535 1754 per
1574 1700 1873 1742 Remensemg

394 1751 468 1797 eth
505 1756 864 1799 Cadelonensem
896 1758 1195 1812 Lingonicam
1238 1761 1416 1813 peteret
1455 1759 1628 1809 urbem,
1662 1759 1876 1812 quatinus

394 1829 446 1856 eo
492 1818 651 1858 tenore
698 1817 767 1865 id,
821 1817 942 1870 quod
991 1831 1093 1858 cum
1140 1818 1283 1859 fratre
1336 1820 1584 1867 statuerat,
1638 1817 1876 1859 observare

393 1874 599 1915 studeret
631 1876 690 1924 et,
723 1875 761 1916 si
790 1875 985 1928 quilibet
1007 1889 1031 1917 e
1053 1876 1238 1917 Francis
1261 1877 1318 1917 ad
1349 1876 1483 1916 illum
1513 1871 1691 1917 venirei
1724 1875 1875 1925 vellet,

391 1935 557 1986 posset.
611 1933 775 1975 Franci
807 1947 913 1975 vero
947 1935 1138 1976 eandem
1170 1935 1464 1988 paucitatem,
1487 1948 1622 1988 quam
1646 1937 1693 1976 et
1715 1935 1878 1988 Aequi-

390 1992 508 2031 tanii
539 1994 817 2046 spreverant,
856 1995 1122 2047 spernentes
1153 1994 1290 2034 variis
1322 1993 1584 2034 fictionibus
1616 1993 1687 2033 illi
1719 2006 1765 2034 se
1797 2006 1878 2048 per

391 2063 604 2104 praesens
637 2050 831 2092 subdere
855 2052 1146 2093 distulerunt.
1196 2051 1330 2102 Quod
1351 2055 1405 2093 ut
1426 2052 1626 2093 Karolus
1649 2052 1875 2106 cognovit,

350 2162 353 2164 -
392 2110 650 2162 praefatum
683 2110 772 2150 iter
810 2107 1095 2152 accelerarek
1132 2108 1310 2165 coepit*
1344 2142 1573 2150 ......
1606 2111 1876 2152 Remensem

542 2223 576 2267 *)
604 2224 680 2257 Hoc
709 2225 782 2257 loco
815 2226 991 2268 sequentia
1020 2236 1088 2268 per
1113 2225 1149 2260 S.
1175 2225 1346 2259 sssedardi
1377 2226 1598 2267 monachum,
1632 2227 1693 2268 qui
1726 2235 1877 2268 corpora

603 2275 652 2304 tot
685 2276 887 2305 sanctorum
924 2273 961 2305 in
999 2274 1213 2306 monasterio
1249 2283 1314 2306 suo
1350 2275 1519 2316 quiescere
1555 2273 1772 2316 eiusdemque
1808 2283 1878 2305 esse

603 2318 829 2351 Bernacham
856 2319 974 2352 leam
994 2319 1178 2363 probaret,
1204 2321 1358 2362 fortasse
1379 2331 1445 2363 per
1467 2320 1564 2353 illum
1589 2320 1798 2360 falsarium,
1816 2321 1879 2361 qui

610 2365 893 2399 Translatimaem
928 2366 991 2401 SS.
1024 2366 1191 2407 Tiburtis,
1225 2367 1433 2400 Marcellini
1462 2372 1493 2399 et
1527 2367 1628 2400 Petri
1660 2367 1707 2399 ad
1741 2367 1776 2401 S.
1803 2366 1878 2400 Me-

602 2412 756 2445 dardnm
782 2413 863 2454 (SS.
885 2413 968 2455 XV,
990 2424 1028 2456 p.
1050 2416 1116 2448 391
1135 2417 1225 2457 sqq.)
1250 2415 1362 2447 eodem
1388 2415 1509 2447 animo
1534 2415 1736 2457 composuit,
1768 2424 1875 2446 manu

602 2459 739 2492 scribae
763 2462 877 2492 textui
902 2462 1037 2493 inserta
1062 2464 1155 2503 sunt,
1189 2462 1326 2494 saeculo
1351 2461 1420 2495 XI.
1450 2472 1518 2504 per
1542 2461 1651 2494 alium
1678 2461 1876 2502 falsarium

602 2507 639 2539 in
683 2509 843 2549 marqine
883 2511 1011 2540 auda:
1057 2507 1219 2551 Cumque
1261 2507 1513 2542 Suessonicam
1554 2510 1695 2551 peteret
1728 2507 1874 2548 urbem,

603 2553 770 2587 monachi
802 2553 846 2588 de
872 2553 1007 2588 Sancto
1033 2553 1212 2589 Medardo
1247 2554 1504 2589 occurreruntl
1541 2554 1594 2588 illi
1627 2554 1874 2598 deprecantes,

602 2602 643 2633 ut
668 2611 820 2644 corpora
845 2604 1050 2635 sanctorum
1069 2601 1248 2644 Medardi,
1271 2601 1485 2643 Sebastiani,
1505 2601 1683 2646 Gregorii,
1702 2600 1873 2643 Tibur-cii,

1905 955 1938 979 10

1906 1245 1938 1270 15

1904 1538 1938 1564 20

1903 1831 1937 1855 25

1903 2123 1937 2149 30

1902 2423 1936 2449 ³5

601 2646 701 2681 Petri
737 2651 771 2681 et
807 2646 1028 2691 Marcellini,
1065 2647 1191 2691 Marii,
1226 2648 1410 2692 Marthae,
1445 2648 1607 2683 Audifax
1641 2651 1677 2683 et
1711 2647 1873 2690 Abacuc,
1899 2658 1934 2683 40

389 2759 418 2782 a,
444 2750 631 2777 lodhadharii
651 2761 674 2778 c.
749 2755 777 2785 1»)
804 2755 978 2785 praestolari
998 2762 1021 2779 c.
1104 2756 1130 2780 ci
1157 2762 1318 2786 sequonam
1340 2763 1363 2781 c.
1448 2754 1477 2779 ‹i›
1504 2756 1545 2780 sic
1565 2762 1609 2780 c.:
1627 2755 1664 2784 cs.
1682 2763 1711 2785 μ
1730 2755 1772 2780 22.
1794 2755 1803 2777 I
1829 2755 1870 2779 31.

390 2795 415 2813 e]
438 2788 489 2819 sep
508 2795 531 2812 c.
606 2789 629 2821 f)
649 2789 771 2813 anexius
790 2797 812 2814 c.
889 2798 915 2821 g]
938 2791 1092 2815 remens-im
1113 2799 1187 2817 cor-r.
1210 2798 1383 2817 remensem.
1460 2791 1488 2818 h)
1510 2795 1541 2815 ut
1561 2794 1589 2815 et
1609 2797 1633 2816 c.
1708 2791 1726 2813 i*
1749 2790 1872 2821 ueniret,

391 2828 400 2847 ι
421 2830 500 2847 eraso
520 2831 542 2848 c.
618 2824 648 2850 k)
669 2825 799 2850 accelcre
818 2832 840 2850 c.
917 2826 923 2850 l
957 2832 1079 2851 occur-cr
1098 2834 1120 2851 c.

391 2917 424 2960 1)
453 2917 507 2959 Cf.
534 2929 646 2962 supra
672 2930 709 2962 1).
739 2921 792 2961 19,
822 2931 856 2954 n.
886 2922 915 2955 1,
