2125 3234
387 288 432 322 26
676 284 934 320 NITHARDI
957 284 1321 320 HISTORIARUM
1345 283 1501 319 LIBER
1523 283 1577 320 Π.

292 411 373 446 841.
387 405 617 447 Lodhario
649 406 995 454 mandaverunt,
1036 408 1089 445 ut
1128 418 1300 446 memor
1340 407 1458 446 esset
1496 405 1728 446 fraternae
1769 418 1870 446 con-

389 464 598 514 ditionis,
640 464 809 505 sineret
849 463 1085 504 ecclesiam
1127 463 1215 504 Dei
1255 466 1301 503 et
1340 463 1602 503 universum
1648 463 1868 517 populum

389 521 698 563 Christianum
753 535 911 575 pacem
958 520 1148 569 habere,
1203 520 1472 561 concederet
1517 520 1609 561 illis
1655 535 1797 575 regna
1843 536 1868 562 a

389 582 518 634 patre
571 594 651 622 suo
704 593 926 620 consensu
978 592 1211 628 concessa,
1265 578 1457 620 haberet
1508 592 1590 619 sua
1640 579 1728 620 sibi
1777 594 1868 620 non

388 639 564 688 merito,
598 639 677 679 sed
710 637 806 679 sola
837 637 1146 678 misericordia
1177 651 1203 678 a
1235 638 1364 690 patre
1396 636 1467 676 illi
1497 636 1672 678 relicta.
1731 637 1791 679 Et
1821 638 1869 678 in
1895 652 1914 678 5

388 710 574 738 munere
621 695 877 737 offerebant
927 695 998 735 illi
1044 695 1260 748 quicquid
1311 695 1360 735 in
1410 695 1620 736 universo
1668 696 1868 737 exercitu

388 755 556 808 absque
604 754 739 795 armis
787 756 834 795 et
880 753 1006 806 equis
1053 754 1220 794 habere
1267 753 1563 803 videbantur3
1612 756 1660 795 at
1705 754 1744 795 si
1789 755 1865 795 ida

388 813 555 862 nollet,
609 812 834 854 cedebant
884 812 955 852 illi
1000 813 1192 865 uterque
1243 812 1499 866 portionem
1549 812 1700 866 regni,
1754 813 1872 854 alter

388 884 530 924 usque
558 870 872 919 Carbonarias,
906 870 1025 911 alter
1055 884 1161 911 vero
1194 883 1335 923 usque
1367 870 1568 921 Renum;
1602 871 1722 924 quod
1756 874 1802 912 et
1833 872 1871 912 si

388 931 645 977 rennueret,
679 929 935 970 universam
970 929 1209 969 Franciam
1243 942 1387 982 aequa
1426 929 1557 970 lance
1599 929 1869 979 dividerent,
1898 945 1935 970 ιο

389 991 435 1029 et
467 988 683 1041 quicquid
715 989 878 1028 horum
909 987 1051 1028 vellet
1082 1000 1190 1028 suae
1224 987 1410 1028 ditionis
1443 990 1576 1028 esset.
1639 987 1712 1028 Ad
1750 988 1870 1041 quod

388 1047 644 1088 Lodharius
691 1059 814 1087 more
862 1045 997 1086 solito
1042 1059 1122 1099 per
1162 1059 1266 1086 suos
1313 1058 1359 1086 se
1407 1045 1622 1099 quiequid
1669 1045 1872 1099 placeret

388 1107 547 1146 notare
594 1105 842 1158 respondit,
891 1104 1168 1157 mittensque
1215 1116 1296 1158 per
1342 1117 1525 1158 presens
1567 1104 1870 1157 Drogonem1,

388 1163 663 1217 Hugonem2
695 1165 741 1204 et
764 1162 1069 1216 Hegibertum
1101 1163 1290 1203 mandat
1322 1176 1414 1203 non
1445 1162 1549 1204 illos
1582 1162 1756 1216 aliquid
1778 1163 1871 1204 tale

389 1224 525 1263 antea
570 1221 641 1262 illi
681 1222 940 1270 mandasse,
989 1222 1046 1262 ad
1089 1221 1211 1275 quod
1252 1221 1630 1262 considerandum
1673 1222 1871 1276 spatium
1899 1237 1932 1262 1⁶

389 1280 557 1321 habere
602 1293 648 1321 se
688 1280 806 1321 velle
854 1280 1027 1329 aiebat;
1075 1293 1124 1321 re
1171 1282 1324 1321 autem
1365 1293 1472 1321 vera
1512 1280 1733 1334 Pippinus
1780 1294 1871 1321 non

387 1340 588 1388 venerat,
611 1338 743 1379 illum
776 1334 888 1380 hacb
918 1338 1138 1380 dilatione
1171 1340 1410 1392 expectare
1443 1338 1640 1380 volebat.
1686 1338 1872 1380 Verum·

387 1401 543 1439 tamen
583 1397 829 1438 Ricuinum
843 1397 871 1447 3,
914 1397 1265 1438 Hirmenaldum
1306 1400 1352 1438 et
1393 1397 1683 1438 Fredericum
1732 1411 1872 1438 sacra-

389 1458 544 1497 mento
587 1456 766 1496 firmare
807 1456 1062 1510 praecepit,
1111 1456 1231 1509 quod
1280 1469 1360 1509 pro
1401 1455 1531 1496 nulla
1569 1469 1618 1497 re
1660 1455 1751 1496 alia
1790 1456 1872 1496 has

388 1514 591 1555 indutias
618 1516 808 1567 peteret,
842 1516 1023 1567 praeter
1045 1515 1166 1567 quod
1192 1517 1457 1555 commune0
1486 1514 1745 1568 profectum
1778 1517 1873 1555 tam
1899 1531 1934 1556 20

387 1572 572 1614 illorum
605 1586 740 1626 quam
774 1575 820 1613 et
851 1572 1089 1614 universae
1123 1572 1282 1627 plebis,
1326 1573 1444 1614 sicut
1484 1573 1713 1614 iusticiam
1753 1573 1874 1614 inter

387 1632 553 1672 fratres
586 1634 632 1672 et
663 1631 884 1685 populum
918 1630 1091 1671 Christi
1131 1630 1386 1685 oportebat,
1429 1645 1644 1685 quaerere
1676 1631 1872 1673 volebat.

389 1686 518 1741 Quod
548 1690 731 1743 quidem
764 1692 1048 1731 sacramento
1071 1689 1363 1731 Lodhuvicus
1396 1692 1442 1731 et
1468 1690 1667 1731 Kal-olus
1700 1690 1875 1732 creduli

195 1765 260 1791 Iun.
274 1765 316 1790 23.
330 1766 372 1791 24.
389 1749 555 1799 effecti,
590 1762 642 1790 ea
675 1749 747 1790 die
781 1750 827 1790 et
858 1749 906 1788 in
941 1749 1204 1797 crastinum,
1246 1749 1432 1803 insuper
1464 1749 1602 1789 etiam
1644 1762 1785 1803 usque
1827 1749 1875 1789 in

250 1823 373 1849 lnn.25.
389 1808 547 1848 horam
579 1808 825 1848 secundam
859 1807 950 1848 diei
981 1807 1126 1855 tercii,
1160 1807 1280 1860 quod
1313 1807 1466 1849 evenit
1488 1807 1595 1847 VII.
1619 1807 1724 1848 Kal.
1750 1807 1872 1857 Iulii,
1900 1823 1935 1849 25

390 1879 500 1920 pace
533 1868 830 1919 utrorumque
863 1879 917 1907 ex
949 1868 1079 1919 parte
1111 1866 1405 1907 iureiurando
1428 1866 1620 1914 firmata,
1646 1867 1703 1907 ad
1727 1869 1875 1907 castra

388 1925 605 1974 redeunt,
654 1924 837 1965 missam
883 1938 989 1965 vero
1037 1924 1185 1965 sancti
1232 1924 1479 1965 Iohannis⁰
1529 1925 1579 1964 in
1626 1925 1875 1965 crastinum

249 1983 679 2027 1101.·24.celebraturi.
757 1983 952 2037 Pippino
995 1996 1173 2036 quoque
1216 1983 1374 2024 eadem
1417 1983 1489 2024 die
1531 1983 1786 2024 Lodharius
1827 1984 1876 2024 in

390 2042 761 2096 supplementum
794 2043 979 2096 recepto
1020 2042 1209 2082 mandat
1249 2041 1470 2082 fratribus
1511 2043 1617 2092 suis,
1660 2043 1875 2095 quoniam

389 2101 558 2142 scirent
590 2100 660 2140 illi
692 2100 978 2154 imperatoris
1010 2114 1176 2141 nomen
1210 2114 1375 2154 magna
1417 2101 1692 2142 auctoritate
1732 2101 1875 2142 fuisse
1901 2117 1936 2142 so

344 2167 347 2170 “
388 2160 675 2213 impositum,
724 2162 776 2199 ut
817 2159 1127 2209 considerent,
1170 2161 1395 2212 quatenus
1437 2160 1639 2201 eiusdem
1680 2159 1875 2201 nominis

389 2218 681 2272 magnificum
735 2213 916 2271 possetf
968 2217 1147 2271 explere
1201 2218 1428 2267 officium;
1483 2218 1669 2272 insuper
1721 2222 1874 2259 autem

390 2278 533 2317 hautg
588 2290 633 2318 se
690 2276 888 2318 libenter
940 2271 1311 2330 utrorumque¹¹·4
1363 2290 1549 2330 querere
1602 2277 1874 2331 profectum.

390 2434 418 2456 a)
439 2427 461 2450 it
479 2433 502 2450 c.
568 2426 597 2457 b)
618 2433 651 2450 ac
671 2435 693 2451 c.
763 2425 790 2457 c)
809 2427 850 2449 sic
870 2434 894 2451 c.
959 2424 988 2455 d)
1010 2426 1094 2456 Quod
1113 2433 1135 2453 c.
1203 2427 1229 2457 e)
1251 2427 1366 2451 ihnnnis
1388 2434 1463 2451 corr.
1486 2427 1633 2451 iohannis.
1703 2427 1725 2454 f>
1745 2434 1831 2458 posse
1851 2434 1874 2451 c.

389 2464 418 2492 g)
444 2461 516 2486 haut
541 2462 692 2485 eiciendum
719 2468 776 2486 esse
802 2461 978 2485 wattenbach
1005 2462 1023 2489 I.
1042 2469 1064 2489 c.
1090 2470 1122 2492 μ.
1144 2462 1188 2493 40,
1215 2469 1241 2488 ιι,
1263 2463 1285 2488 1.
1313 2465 1411 2487 censet.
1496 2462 1525 2490 h>
1552 2467 1676 2493 utroque
1698 2470 1774 2487 corr.
1796 2467 1875 2487 utro·
1902 2466 1936 2492 35

390 2504 513 2527 rumque
532 2504 555 2521 C.

392 2615 427 2657 1)
453 2614 656 2653 Pai›·uum;
687 2625 712 2649 ι’.
740 2625 852 2656 supra
880 2614 902 2648 I.
930 2614 960 2656 J,
989 2625 1015 2649 c.
1041 2616 1073 2650 8.
1174 2614 1208 2658 2)
1239 2614 1333 2647 Num
1359 2619 1388 2648 et
1414 2614 1470 2647 hic
1490 2619 1648 2657 patruus
1672 2617 1728 2657 sit,
1756 2615 1876 2656 ,lle-'ser

392 2671 454 2693 ron
481 2661 638 2694 Knomtu
665 2661 686 2696 I.
713 2672 737 2695 c.
764 2672 803 2703 p.
831 2663 910 2703 102,
939 2672 971 2695 n.
1002 2663 1078 2696 172.
1106 2665 1134 2694 et
1162 2673 1197 2704 p.
1226 2663 1304 2703 140,
1332 2673 1366 2697 n.
1391 2663 1449 2696 26.
1473 2662 1657 2696 dubitavit.
1755 2661 1790 2704 3)
1819 2663 1874 2702 Cf.

390 2708 511 2749 Meyer
538 2718 599 2741 von
626 2708 781 2741 Knonau
808 2709 829 2742 I.
857 2719 882 2742 c.
917 2719 952 2750 μ.
982 2711 1058 2744 141.
1156 2709 1192 2752 4)
1220 2708 1331 2741 Suum
1360 2709 1508 2742 videlicet
1534 2713 1563 2741 et
1588 2709 1739 2752 Pippr‘ni
1762 2719 1873 2742 secum

390 2755 581 2796 foederati,
618 2755 738 2797 Allejser
774 2765 834 2787 von
872 2755 1027 2788 Knonau
1065 2756 1086 2790 I.
1116 2767 1144 2789 c.
1176 2767 1214 2798 p.
1246 2758 1311 2797 99,
1349 2767 1381 2790 η.
1415 2758 1492 2791 127.
1529 2757 1780 2798 interpretatus
1814 2761 1874 2793 est,
1901 2766 1937 2790 ⁴0

390 2813 487 2844 quem
519 2803 704 2835 Diimmler
736 2803 758 2836 I.
789 2813 816 2834 c.
851 2802 881 2843 J,
913 2813 950 2844 p.
985 2804 1060 2837 154.
1096 2807 1233 2835 secutus
1267 2807 1337 2842 est,·
1373 2814 1479 2846 quam
1515 2803 1581 2836 Ioci
1613 2804 1702 2835 satis
1735 2803 1878 2836 obscuri

391 2850 714 2892 interpretationem
742 2849 964 2882 IVattenbm-Il
990 2851 1013 2885 I,
1038 2861 1064 2884 c.
1095 2861 1131 2892 p.
1157 2852 1214 2891 40,
1245 2861 1278 2885 n.
1308 2853 1336 2885 1.
1370 2861 1436 2883 non
1463 2852 1536 2883 sine
1562 2852 1699 2883 ratione
1724 2851 1877 2884 refecisse

390 2897 538 2937 ridetur,
564 2908 639 2929 cum.
667 2897 864 2929 Lotharius
889 2900 993 2930 antea
1020 2897 1211 2939 Pa'ppinum
1241 2898 1337 2930 nullo
1363 2898 1460 2931 modo
1485 2899 1812 2933 commemoracwn’h
