2125 3234
492 288 747 325 NITHARDI
772 286 1135 322 HISTORIARUM
1160 285 1315 321 LIBER
1333 285 1406 322 111.
1644 288 1689 322 29

211 411 335 452 tione
387 409 530 450 suasit
576 408 648 450 vel
699 408 861 462 gessit,
914 410 1032 449 esset
1077 419 1181 448 vere
1233 405 1466 447 confessus
1517 408 1688 447 secrete
1702 411 1784 447 841.

211 468 374 510 secreti
406 467 565 509 delicti
596 470 642 508 et
674 467 923 508 secundum
955 466 1139 507 modum
1173 463 1306 517 culpe
1338 463 1687 511 diiudicaretur;

211 529 524 568 verumtamen
555 526 600 566 in
633 525 925 567 veneratione
957 537 1008 566 ac
1032 523 1168 564 laude
1189 524 1346 563 tantae
1370 521 1690 563 declarationis

211 585 418 626 iusticiae
465 598 546 639 pro
592 584 856 626 remissione
904 582 1112 624 delictisa
1161 582 1442 621 mortuorum
1494 579 1688 620 fratrum

170 659 186 684 5
212 657 396 685 suorum
429 665 483 670 —
516 643 563 683 in
596 656 661 692 eo,
695 642 816 695 quod
848 640 1092 695 inperfecti
1124 639 1322 694 peccatis
1353 638 1690 680 intervenienti-

212 702 297 743 bus
329 715 375 742 se
407 703 641 748 noverant,
681 704 735 741 ut
766 701 814 740 in
851 699 1007 740 multis
1038 698 1242 739 volentes
1283 697 1579 750 nolentesque
1621 696 1691 737 de-

212 759 483 813 linquebant
505 781 562 786 —
583 761 636 799 ut
668 772 749 800 suo
772 757 998 799 adiutorio
1021 757 1077 798 ab
1102 757 1172 797 his
1194 756 1320 797 exuti
1341 750 1689 799 liberarenturb;

211 819 398 871 insuper
429 820 596 865 autem,
638 817 708 857 uti
750 819 938 858 actenus
978 816 1026 856 in
1066 814 1249 856 iusticia
1288 814 1470 855 adiutor
1511 816 1556 855 et
1597 827 1691 868 pro-

211 879 360 918 tector
399 875 518 916 illis⁰
557 871 710 916 Deusd
747 875 939 922 extitit1,
980 874 1047 914 ita
1078 875 1130 913 ut
1163 873 1375 927 deinceps
1406 872 1574 926 ubique
1607 872 1692 912 exi-

155 950 188 975 10
213 936 375 983 steret;
410 947 579 988 proque
602 933 672 974 his
695 933 905 974 omnibus
926 933 1190 973 triduanum
1213 931 1434 972 ieiunium
1455 930 1691 971 inventum

213 993 440 1046 immoque
472 992 669 1034 libenter
701 1006 752 1033 ac
786 991 962 1033 celebre
995 989 1274 1032 celebratum
1308 992 1390 1031 est.

355 1055 395 1092 2.
451 1051 534 1092 His
566 1051 632 1091 ita
663 1053 789 1092 reore
825 1049 1020 1104 peractis
1049 1043 1398 1097 Lodhuwieusf,
1432 1049 1484 1087 ut
1515 1047 1691 1088 Renum

214 1111 403 1164 peteret,
440 1110 653 1158 decrevit,
687 1108 885 1151 Karolus
926 1110 1081 1149 autem
1123 1106 1310 1148 diversis
1351 1120 1431 1161 pro
1471 1105 1606 1147 rebus
1648 1109 1694 1146 et

214 1168 407 1209 maxime
448 1170 634 1222 propter
674 1167 932 1222 Pippinum,
977 1170 1029 1207 ut
1069 1165 1201 1206 illum
1242 1165 1329 1206 sibi
1370 1164 1564 1206 subdere
1605 1166 1694 1204 stu-

156 1241 188 1266 15
215 1227 360 1275 deret,
409 1226 456 1266 in
499 1226 792 1278 Aquitaniam
834 1227 886 1265 ut
931 1225 1303 1279 proficisceretur,
1351 1226 1501 1263 ratum
1550 1222 1693 1263 duxit.

214 1284 332 1325 Nam
381 1284 640 1325 Bernardus
693 1284 783 1324 dux
831 1283 1162 1337 Septimaniae,
1217 1295 1475 1335 quanquam
1523 1295 1549 1322 a
1595 1280 1694 1321 loco

215 1343 437 1398 praedicti
470 1342 631 1397 proelii
662 1342 765 1396 plus
798 1342 947 1382 minus
979 1341 1134 1382 leuvas
1166 1343 1258 1381 tres
1293 1340 1505 1384 defuerit,
1543 1339 1696 1380 neutri

214 1403 263 1443 in
294 1402 380 1443 hoc
413 1401 596 1454 negotio
629 1401 998 1455 supplementum
1031 1399 1144 1448 fuit;
1177 1398 1416 1440 victoriam
1450 1400 1602 1439 autem
1643 1399 1696 1437 ut

215 1459 376 1501 Karoli
418 1473 512 1501 esse
555 1459 738 1503 didicit,
788 1459 932 1499 filium
974 1472 1107 1499 suum
1142 1457 1425 1499 Willelmum
1467 1457 1524 1497 ad
1564 1455 1697 1496 illum

156 1535 190 1559 20
216 1519 381 1560 direxit
415 1521 472 1567 et,
507 1519 544 1558 si
576 1519 783 1560 honores.
817 1531 928 1571 quos
968 1517 1087 1558 idem
1130 1517 1177 1557 in
1212 1515 1479 1569 Burgundia
1519 1514 1696 1562 habuit,

217 1577 363 1619 eidem
397 1577 566 1618 donare
598 1577 751 1625 vellet,
787 1579 837 1616 ut
869 1589 915 1617 se
947 1575 1018 1616 illi
1055 1575 1406 1623 commendaret,
1450 1573 1695 1628 praecepit.

217 1636 410 1690 Insuper
460 1635 663 1676 iactabat
714 1649 760 1676 se
813 1648 941 1688 posse
989 1648 1070 1675 nec
1119 1648 1210 1674 non
1257 1635 1303 1674 et
1349 1632 1522 1677 aiebat,
1576 1631 1696 1685 quod

217 1694 430 1748 Pipinum
478 1708 568 1734 una
616 1707 718 1734 cum
766 1694 857 1734 suis
903 1692 1073 1733 Karolo
1120 1692 1325 1738 foedere,
1375 1705 1463 1744 quo
1509 1690 1696 1734 valeret.

216 1752 408 1794 subdere
448 1751 601 1794 vellet.
667 1751 812 1802 Quam
847 1751 1122 1804 legationem
1160 1750 1356 1804 benigne
1389 1749 1596 1803 excepit‘2
1637 1751 1696 1793 et,

158 1826 191 1851 25
217 1812 335 1852 sicut
367 1811 692 1865 postulaverat,
726 1824 806 1864 per
837 1810 988 1850 omnia
1030 1809 1264 1857 concessit,
1308 1822 1506 1855 monens,
1549 1810 1601 1847 ut
1643 1808 1699 1848 de

218 1870 412 1924 Pippino
445 1872 491 1910 et
532 1869 624 1910 suis
661 1869 782 1922 quod
823 1869 1138 1923 promiserat&
1179 1868 1226 1907 in
1269 1869 1490 1920 quantum
1533 1870 1696 1920 posset.

217 1932 269 1968 ut
302 1929 608 1982 perficeretur,
642 1942 825 1982 operam
859 1928 1000 1968 daret.
1055 1925 1258 1980 Cumque
1289 1926 1476 1966 adversa
1497 1925 1700 1978 undique

219 1986 434 2041 propulsa
474 1987 749 2034 viderentur,
798 1999 849 2027 ac
891 1999 991 2040 spes
1034 1985 1347 2039 prosperitatis
1390 1984 1551 2037 cuique
1593 1984 1699 2024 hinc

73 2056 191 2089 ‘p-ecss.
218 2046 324 2086 inde
347 2042 551 2089 'fax-eret,
572 2045 875 2086 Lodhuwicus
898 2058 998 2085 cum
1023 2043 1115 2084 suis
1135 2043 1311 2084 Renum
1337 2043 1482 2097 petiit,
1503 2042 1701 2082 Karolus

160 2120 194 2145 ³0
218 2117 322 2145 vero
345 2118 437 2144 una
459 2118 559 2145 cum
588 2106 732 2144 matre
755 2098 980 2157 Ligerimh
1007 2103 1135 2143 adiit.
1188 2102 1303 2143 Resa
1331 2104 1483 2142 autem
1517 2100 1702 2155 publica

219 2163 543 2211 inconsultius,
598 2176 732 2216 quam
786 2164 1037 2215 oporteret,
1097 2161 1281 2208 omissa;
1337 2174 1425 2213 quo
1477 2172 1700 2213 quemque

220 2221 432 2262 voluntas
452 2221 619 2276 rapuit,
639 2221 856 2274 perfacile
879 2221 1068 2261 omissus
1091 2219 1320 2261 abscessit.
1362 2218 1494 2269 Quod
1517 2218 1701 2272 quidem

220 2280 441 2334 Pippinus
473 2280 663 2321 audiens
686 2279 822 2332 paulo
844 2281 952 2320 ante
978 2278 1285 2320 desideratum
1309 2291 1411 2318 cum
1433 2277 1513 2318 illo
1539 2277 1702 2318 foedus

220 2334 357 2380 inirei
400 2338 594 2379 distulit.
666 2339 925 2379 Bernardus
958 2337 1140 2391 quidem
1173 2337 1231 2377 ad
1262 2336 1392 2376 illum
1425 2336 1564 2383 venit,
1608 2336 1700 2383 sed,

163 2412 196 2437 35
223 2400 272 2437 ut
319 2397 389 2437 illi
435 2410 481 2438 se
529 2397 889 2446 commendaret,
943 2397 1128 2437 minime
1182 2395 1422 2449 acquievit.
1505 2393 1701 2444 Quidam

221 2459 376 2497 tamen
417 2452 471 2496 ak
507 2455 670 2509 Pipino
713 2455 1012 2503 desciverunt,
1057 2457 1102 2495 et
1144 2454 1229 2494 hoc
1270 2456 1452 2494 tantum
1494 2453 1702 2507 praefata

222 2515 450 2568 expeditio
504 2515 673 2556 Karolo
727 2515 922 2567 profuit,
977 2513 1098 2566 quod
1150 2512 1253 2553 illos
1305 2512 1391 2553 sibi
1442 2512 1702 2553 foederatos

220 2573 405 2627 recepit.
468 2573 652 2614 Interea
683 2573 973 2613 Adhelardus
1006 2571 1247 2624 ceterique,
1281 2584 1392 2624 quos
1417 2570 1612 2611 Karolus
1645 2570 1702 2610 ad

222 2632 419 2673 Francos
468 2632 694 2673 direxerat
741 2632 853 2672 scire
901 2631 1109 2684 cupiens,
1164 2630 1200 2671 si
1251 2630 1308 2670 ad
1359 2629 1490 2669 illum
1537 2628 1702 2670 reverti

163 2705 197 2730 40
222 2690 413 2739 vellent,
458 2690 734 2731 Cal-isiacum
776 2690 1027 2732 venientes.
1071 2703 1158 2742 quo
1200 2688 1270 2729 illi
1310 2690 1362 2728 ut
1404 2688 1560 2729 missos
1601 2687 1702 2727 diri-

223 2799 249 2816 a‘
271 2793 310 2817 ita
330 2800 352 2819 e.
435 2794 463 2824 1»,Ἰ
491 2793 656 2817 liberantur
678 2800 751 2818 rra-r.
770 2792 977 2818 iiheiu-uremur,
1055 2792 1081 2823 c)
1108 2791 1149 2816 illi
1169 2799 1191 2818 c.
1269 2789 1299 2821 d)
1323 2785 1355 2815 (ff
1374 2789 1440 2820 ndei]
1463 2798 1484 2817 c.
1566 2792 1593 2819 e)
1619 2797 1701 2821 quam

225 2835 313 2852 rocem
328 2828 421 2857 Per-(2,
443 2829 490 2855 SS.
506 2829 548 2859 H,
565 2836 595 2858 p.
608 2829 670 2855 662,
692 2829 710 2853 I,
725 2828 769 2857 40,
792 2829 819 2850 ιἰι
840 2828 926 2852 rebus
946 2827 1111 2854 emendarit,
1176 2827 1198 2856 Ι)
1218 2825 1394 2851 lodhuuieus
1407 2833 1480 2852 corr.
1496 2824 1701 2850 lodhuuvivus.

224 2870 250 2887 c·
271 2865 468 2894 promiserant
487 2872 510 2889 c.
585 2864 614 2887 h>
636 2864 753 2893 hgerim
777 2871 798 2889 r.
874 2863 881 2886 i
915 2863 942 2886 in
964 2863 1023 2886 irae
1043 2870 1066 2886 c.
1140 2862 1170 2893 k)
1190 2869 1227 2893 ap
1249 2869 1272 2886 c.

226 2934 259 2973 1)
287 2934 341 2975 Cf.
367 2934 426 2969 Ps.
452 2936 509 2977 27,
530 2936 560 2969 7.
592 2936 648 2975 1322,
675 2935 729 2968 20.
761 2934 818 2974 39,
847 2934 900 2968 18.
934 2935 1012 2974 113,
1040 2934 1172 2968 9—11.
1223 2933 1327 2967 Ecclz’.
1358 2934 1414 2975 51,
1442 2936 1472 2967 2.
1555 2934 1591 2966 2)
1623 2931 1704 2965 Scil.

168 2991 198 3016 15
226 2981 398 3015 lim-olus.
