2125 3234
247 979 281 1003 10

245 1270 277 1295 15

239 1563 276 1587 20

238 1855 274 1880 25

238 2149 274 2174 30

238 2441 273 2467 35

237 2723 274 2747 40

599 317 855 352 NI'I'HARDI
880 316 1243 352 HISTORIARUM
1267 316 1422 352 LIBER
1447 316 1499 354 ΙΙ.
1745 320 1790 354 21

310 438 415 480 dolo
448 452 505 479 an
537 439 581 479 vi
610 437 924 479 Lodhuvicum
958 439 1038 478 aut
1069 437 1288 478 subdere²³
1321 441 1413 485 aut,
1447 437 1567 490 quod
1600 437 1787 487 mavult,
1803 441 1884 476 841.

310 497 498 550 perdere
530 499 694 550 posset,
736 498 837 538 tota
869 498 1021 537 mente
1062 495 1305 536 tractabat.
1378 495 1434 535 In
1475 507 1563 548 quo
1605 496 1788 548 negotio

309 568 508 608 congrue
530 554 770 608 Otgarium
792 549 1082 608 Magontiaeb
1110 553 1229 594 sedis
1261 553 1520 607 episcopum
1554 554 1601 594 et
1622 553 1790 594 Adhel-

310 613 489 654 bertum
536 613 810 654 Metensium
860 612 1071 654 comitem
1119 613 1360 659 convocat;
1415 610 1616 652 habebat
1668 611 1786 652 enim

307 674 499 724 uterque
541 671 856 712 Lodhuvicum
898 671 955 711 ad
997 672 1186 711 mortem
1230 683 1371 723 usque
1414 682 1610 710 exosum.
1688 669 1788 710 Iam

308 729 427 770 enim
460 729 771 771 Adhelbertus
804 742 857 770 ex
889 728 1169 775 infirmitate,
1212 742 1301 781 qua
1332 741 1474 782 poene
1507 740 1586 782 per
1617 741 1787 768 annum

307 788 521 829 detentus
561 787 737 837 fuerat,
779 787 906 828 velut
946 787 991 827 in
1031 786 1400 841 supplementum
1441 786 1685 827 fratricidii
1724 799 1788 828 re-

307 846 577 899 spiraverat;
621 849 718 887 erat
751 846 870 886 enim
913 858 964 886 eo
1006 845 1054 885 111
1095 848 1298 898 tempore
1340 844 1406 885 ita
1447 845 1645 899 prudens
1688 857 1788 886 con·

306 904 420 951 silio,
454 906 507 944 ut
538 904 812 946 sententiam
846 903 902 945 ab
935 917 987 945 00
1020 903 1246 957 prolatam
1278 916 1369 943 non
1392 903 1586 956 quilibet
1609 904 1786 944 mutare

305 962 458 1004 vellet.
523 961 663 1004 Cuius
695 963 919 1003 instinctu
951 961 1207 1002 Lodharius
1249 960 1488 1002 collectam
1530 961 1636 1002 hinc
1678 961 1786 1002 inde

305 1021 531 1062 infinitam
586 1021 928 1062 multitudinem
977 1020 1155 1061 Renum
1207 1019 1390 1061 traiecit
1406 1019 1432 1068 ¹,
1487 1019 1785 1073 praemittens
1799 1035 1905 1064 (Am.)

306 1093 429 1122 more
462 1079 597 1121 solito
632 1079 709 1133 qui
750 1079 883 1120 minis
925 1078 1251 1131 blanditiisque
1292 1077 1565 1132 pendulam⁰
1605 1077 1785 1131 plebem

305 1138 558 1180 subducere
590 1139 885 1192 temptarent.
938 1137 1121 1178 Timens
1153 1139 1305 1178 autem
1339 1136 1548 1190 populus,
1582 1136 1785 1190 quicum

305 1196 584 1237 Lodhuwico
633 1199 748 1244 erat,
803 1209 859 1237 ne
905 1198 1088 1236 tantum
1135 1195 1383 1236 exercitum
1430 1194 1550 1236 ferre
1596 1193 1783 1243 valeret,

304 1255 469 1308 partim
503 1255 674 1296 defecti
708 1255 766 1295 ad
799 1253 1077 1294 Lodharium
1119 1255 1374 1302 transeunt,
1418 1253 1584 1307 partim
1626 1253 1786 1306 fugam

302 1313 464 1354 ineunt
496 1326 547 1354 30
570 1313 897 1353 Lodhuwicum
928 1311 1183 1352 desolatum
1211 1311 1490 1364 relinquunt.
1549 1310 1650 1361 Qui,
1681 1324 1786 1365 quo-

302 1372 423 1412 niam
457 1384 588 1412 omne
621 1371 890 1424 suffragium
923 1369 1048 1410 aliud
1091 1369 1292 1423 undique
1334 1370 1503 1418 deerat,
1547 1383 1649 1410 cum
1691 1383 1786 1423 per·

301 1430 457 1484 paucis
490 1430 604 1471 abiit
635 1432 681 1470 et
712 1429 759 1469 in
785 1424 1066 1470 B'aioariamd
1095 1442 1140 1469 se
1172 1428 1357 1482 recepit.
1412 1426 1544 1478 Quod
1570 1428 1784 1481 quoniam

301 1488 579 1530 Lodhuwico
613 1488 820 1542 contigit,
859 1487 1044 1528 minime
1078 1487 1290 1541 deinceps
1322 1486 1577 1527 Lodharius
1611 1485 1784 1539 aliquid

301 1547 431 1587 illum
474 1547 734 1601 praevalere
776 1546 969 1600 putavit.
1043 1545 1193 1599 Igitur
1230 1544 1566 1586 Adhelbertum
1607 1544 1783 1593 ducem,

300 1608 460 1659 queme
508 1601 672 1659 supraf
718 1604 1085 1651 memoravimus,
1139 1603 1195 1644 ob
1248 1604 1333 1644 hoc
1385 1603 1499 1644 inibi
1551 1602 1782 1657 reliquitg‚

300 1667 352 1704 ut
384 1666 430 1705 et
467 1663 688 1717 populum
720 1663 1014 1704 sacramentis
1050 1662 1136 1703 sibi
1177 1662 1390 1706 firmaret,
1433 1663 1491 1711 et,
1535 1661 1572 1702 si
1604 1661 1783 1702 Lodhu-

299 1723 437 1764 wicus
470 1723 527 1763 ad
561 1721 782 1763 Karolum
819 1721 885 1762 ire
916 1720 1069 1770 vellet,
1112 1719 1239 1760 nullo
1282 1720 1416 1761 modo
1449 1722 1613 1774 posset.
1677 1719 1783 1773 Ipse

301 1794 417 1830 vero,
456 1781 670 1834 quoniam
702 1779 925 1821 Karolum
959 1779 1215 1832 Sequanam
1246 1779 1441 1820 transire
1472 1773 1781 1832 reppererath‚

300 1839 478 1881 obviam
520 1839 585 1880 ire
627 1839 818 1893 parabat
833 1839 860 1877 2.
924 1837 1156 1879 Velociter
1196 1837 1379 1890 quidem
1421 1836 1676 1891 praemittit
1717 1837 1783 1878 rei

299 1898 561 1947 veritatem,
618 1897 699 1938 ubi
750 1900 796 1938 et
848 1910 952 1938 cum
1003 1896 1167 1949 quibus
1220 1897 1360 1945 esset,
1414 1895 1528 1936 scire
1581 1896 1779 1949 cupiens,

299 1957 442 2010 Aquis
476 1956 645 2011 pascha
677 1955 1002 1997 celebraturus.
1799 1969 1924 1999 Aluan.

441 2019 480 2056 8.
544 2015 662 2055 Mira
702 2027 809 2055 sane
851 2027 902 2055 30
949 2013 1110 2055 merito
1157 2013 1360 2054 notanda
1406 2026 1476 2054 res
1517 2012 1688 2054 Karolo
1735 2012 1782 2052 in

300 2073 459 2115 eodem
506 2076 662 2114 sancto
704 2072 894 2114 sabbato
936 2071 1142 2125 contigit.
1215 2071 1333 2111 Nam
1374 2084 1520 2125 neque
1560 2071 1657 2125 ipse
1699 2084 1781 2112 nec
1796 2087 1926 2118 Apum.

299 2131 494 2186 quilibet
525 2133 573 2172 in
605 2145 686 2172 suo
719 2131 940 2172 comitatu
963 2131 1203 2183 quicquam
1228 2130 1395 2183 absque
1418 2130 1538 2183 quod
1562 2124 1772 2183 corporei

299 2190 519 2244 gerebant
552 2193 598 2232 et
639 2185 836 2244 absquek
873 2189 1009 2230 armis
1051 2191 1096 2230 et
1128 2189 1254 2242 equis
1291 2188 1524 2229 habebant
1537 2201 1546 2237 ;
1589 2201 1782 2241 cumque

299 2250 355 2291 de
407 2249 571 2291 balneo
625 2249 808 2302 quidem
855 2248 1151 2301 egrederetur
1196 2249 1243 2288 et
1290 2247 1445 2288 eadem
1494 2246 1781 2295 vestimenta,

299 2321 414 2361 quae
461 2310 670 2356 exuerat,
718 2307 908 2348 induere
956 2308 1159 2361 pararet,
1203 2307 1392 2360 repente
1433 2305 1489 2346 ab
1532 2305 1783 2358 Aquitania.

299 2366 424 2407 missi
464 2379 544 2421 pro
584 2366 761 2407 foribus
802 2365 1099 2413 adstiterant‚
1142 2364 1220 2418 qui
1261 2377 1474 2405 coronam
1515 2366 1561 2404 et
1602 2377 1781 2404 omnem

299 2426 532 2474 ornatum,
584 2427 680 2466 tam
727 2425 901 2478 regium
949 2437 1085 2477 quam
1137 2425 1184 2464 et
1239 2422 1454 2476 quicquid
1501 2422 1557 2462 ad
1606 2421 1781 2463 cultum

300 2483 505 2524 divinum
537 2483 811 2537 pertinebat,
845 2481 1069 2524 ferebant.
1124 2480 1235 2532 Quis
1268 2494 1360 2522 non
1391 2480 1582 2522 miretur
1613 2493 1782 2534 paucos

300 2545 345 2584 et
377 2555 520 2596 poene
551 2542 733 2596 ignotos
766 2541 883 2582 viros
914 2542 987 2582 tot
1007 2543 1231 2581 terrarum
1259 2534 1456 2594 spacia¹,
1482 2539 1590 2580 dum
1612 2538 1782 2592 ubique

298 2651 326 2683 a)
352 2648 459 2675 audere
486 2657 562 2675 corr.
588 2649 724 2675 subdere.
828 2649 858 2679 b)
886 2648 1055 2679 Magantia
1083 2654 1158 2673 corr.
1184 2648 1362 2678 magontiae.
1464 2648 1489 2677 c)
1519 2646 1677 2678 pandulum
1706 2653 1781 2671 corr.

299 2684 469 2718 pendulam.
543 2683 572 2717 d)
593 2685 724 2710 baioram
744 2692 767 2710 c.
842 2686 868 2716 e)
889 2684 945 2715 qui
964 2691 988 2708 c.
1062 2684 1084 2715 s)
1102 2683 1229 2715 nequitur
1248 2687 1375 2708 montem
1397 2690 1432 2713 c.,
1452 2683 1526 2714 quod
1546 2682 1626 2706 Perre
1647 2683 1674 2705 in
1696 2680 1783 2706 modo

298 2721 464 2751 emendavit,
489 2720 563 2750 forie
589 2727 653 2744 tero
679 2727 714 2744 ecc
740 2727 834 2745 memo
861 2719 903 2743 bist
924 2719 1033 2750 scripto
1053 2721 1181 2743 exortum
1203 2721 1251 2743 ent.
1343 2718 1371 2749 g)
1398 2715 1526 2748 reliquid
1544 2725 1569 2742 c.
1661 2717 1692 2749 h)
1717 2723 1784 2748 rep-

299 2759 385 2788 perat
403 2763 424 2782 c.
498 2757 518 2786 i)
538 2762 661 2786 corpere
680 2762 757 2779 corr.
778 2761 911 2786 corpore.
983 2755 1014 2785 k)
1034 2753 1147 2790 absque
1166 2761 1188 2779 c.
1263 2752 1283 2784 l)
1303 2753 1436 2785 spacium
1455 2760 1530 2777 cor-r.
1551 2753 1663 2784 spacia.

301 2838 335 2881 1)
362 2838 475 2871 quta
500 2837 756 2877 W'ormatiam,·
785 2837 832 2877 cf.
859 2838 954 2871 Ann.
981 2836 1085 2870 Fuld.
1119 2846 1153 2870 α.
1179 2836 1260 2877 841,
1295 2835 1358 2870 SS.
1384 2835 1428 2870 R.
1457 2836 1498 2869 G.
1529 2845 1568 2877 p.
1594 2836 1651 2875 31,
1687 2835 1781 2871 Ama,

298 2885 409 2919 Xant.
444 2896 478 2919 α.
503 2886 584 2927 840,
621 2883 682 2918 SS.
710 2884 761 2925 II,
791 2894 829 2926 p.
855 2885 935 2918 227.
1048 2884 1084 2923 2)
1124 2883 1211 2917 Aen.
1247 2882 1295 2923 X,
1321 2883 1410 2918 770:
1446 2881 1571 2915 obvius
1602 2881 1652 2916 ire
1678 2882 1783 2925 parat

299 2931 406 2972 affert
434 2931 621 2973 Martinus,
652 2931 710 2966 (Ν.
736 2930 886 2964 Archiv'
913 2929 981 2970 IX,
1014 2941 1050 2973 p.
1075 2930 1158 2964 617.
