2125 3234
175 1199 191 1224 5

158 1496 192 1520 10

158 1789 191 1813 15

157 2437 191 2462 25

157 2670 191 2695 30

158 2903 191 2929 35

708 866 1024 920 PRAEFA
1033 867 1113 919 TI
1112 865 1159 921 O
1176 866 1206 918 ¹.

362 1002 411 1057 C
408 1027 475 1055 um
506 1013 652 1055 tertiae
683 1013 878 1055 editionis
909 1013 1200 1055 Historiarum
1235 1012 1445 1054 Nithardi
1473 1014 1701 1065 parandae

217 1081 320 1110 cura
351 1069 605 1113 demandata
637 1072 742 1113 milii-
772 1077 884 1116 esset,
930 1072 974 1113 id
996 1071 1256 1124 propositum
1287 1075 1390 1123 erat,
1433 1075 1478 1112 ut
1508 1076 1701 1113 renovato

216 1134 426 1180 apparatu
473 1130 616 1172 critico
661 1135 815 1172 textum
862 1134 1131 1172 retractarem
1178 1134 1299 1182 atque
1345 1129 1699 1181 annotationibus,

217 1185 366 1238 quibus
406 1202 509 1243 opus
545 1193 647 1239 erat,
690 1190 945 1230 adornarent
959 1190 985 1230 ².
1055 1189 1173 1240 Quod
1202 1188 1383 1230 maxime
1424 1189 1482 1229 ad
1512 1188 1701 1241 primum

216 1244 370 1287 librum
401 1246 597 1299 pertinet,
635 1260 714 1299 quo
747 1247 990 1288 Nitlzardus
1029 1260 1096 1288 res
1135 1261 1162 1287 a
1194 1246 1404 1288 Ludorico
1436 1246 1516 1287 Pio
1551 1251 1699 1300 aestas,

217 1317 307 1345 cum
342 1306 391 1346 de
430 1304 600 1358 imperii
639 1304 846 1347 divisione
885 1305 1217 1356 successioneque
1257 1309 1460 1356 afferetur,
1499 1305 1699 1359 exposuit,

215 1362 287 1404 ubi
318 1376 458 1404 omnes
489 1364 607 1415 locos,
645 1363 794 1416 quibus
825 1379 853 1405 a
884 1363 1029 1405 ceteris
1064 1362 1336 1415 scriptoribus
1367 1363 1586 1415 discrepat,
1629 1378 1701 1405 an·

218 1425 362 1463 notare
393 1421 526 1463 visum
559 1426 629 1463 est.
695 1422 778 1464 Sed
807 1421 934 1464 etiarn
973 1421 1022 1462 in
1064 1420 1236 1474 reliquis
1267 1421 1401 1472 libris,
1443 1421 1490 1462 in
1522 1421 1701 1463 historia

218 1480 312 1521 belli
350 1480 549 1531 fratrum,
591 1480 711 1522 euius
743 1480 1003 1522 Nittiardum
1042 1479 1338 1532 yravissimum
1378 1484 1585 1522 auctorem.
1617 1494 1703 1522 esse

218 1543 388 1590 constat,
422 1538 513 1580 alia
544 1543 667 1580 erant
697 1539 961 1591 explicanda,
996 1539 1086 1580 alia
1118 1537 1220 1579 loeis
1251 1538 1506 1591 reliquorum
1534 1538 1701 1591 scripto-

217 1610 312 1639 rum
346 1597 504 1638 additis
534 1597 807 1639 illustranda.

363 1655 456 1708 Qua
495 1655 543 1696 in
577 1670 620 1697 re
651 1657 773 1698 duces
804 1655 977 1708 optimos
1007 1656 1193 1707 fidosque
1233 1660 1393 1697 secutus
1429 1669 1519 1696 sum
1551 1655 1703 1708 Enyel-

217 1714 373 1755 bertum
398 1713 711 1755 Mulelbacher³
742 1715 779 1756 b.
811 1728 878 1765 m,
911 1713 1213 1755 Bernhardum
1239 1715 1288 1755 de
1315 1714 1512 1756 Samson*
1544 1714 1591 1754 V.
1625 1713 1700 1765 Ol„

216 1773 446 1814 Ernestum
477 1772 728 1814 Diimmler⁵
760 1773 795 1813 b.
828 1786 895 1824 m.,
938 1776 1024 1813 tuin
1067 1785 1158 1813 rero
1189 1786 1256 1813 eos
1287 1771 1359 1825 qui
1390 1773 1439 1814 de
1470 1772 1577 1825 ipsis
1609 1772 1702 1813 Nit-

216 1830 344 1873 hardi
389 1830 666 1872 historiarum
712 1830 834 1872 libri-s
876 1835 1072 1884 efferunt,-
1119 1830 1227 1872 inter
1269 1844 1370 1883 quos
1408 1831 1578 1883 primus
1627 1830 1702 1873 Ge-

216 1889 360 1931 roldus
390 1889 541 1943 Meyer
572 1891 621 1932 de
652 1889 873 1931 Knonau6
913 1888 1198 1931 nominandus
1238 1893 1308 1940 est,
1351 1903 1455 1942 quae
1492 1889 1604 1931 enim
1635 1889 1703 1931 hic

216 1948 486 2001 saqacissime
512 1948 700 2001 exposuit
724 1952 845 2001 atque
876 1947 1118 2000 explanavit
1143 1947 1388 2001 quicumque
1418 1947 1467 1989 in
1493 1947 1702 1989 Nitlzardi

215 2020 334 2059 opere
372 2007 609 2048 versabitur
647 2020 804 2048 summo
844 2006 986 2057 fructu
1026 2006 1138 2059 Zeqet.
1200 2006 1358 2048 Eodem
1394 2006 1484 2057 fere
1524 2011 1700 2059 tempore

222 2065 321 2108 Chr.
354 2065 514 2106 PaeteT
545 2066 779 2118 prudenter
818 2065 994 2117 quidem,
1036 2065 1109 2106 sed
1146 2065 1276 2106 nimis
1315 2065 1492 2107 breviter
1528 2066 1577 2106 de
1610 2065 1702 2106 Nit-

218 2123 352 2165 hardo
374 2123 640 2175 disseruerat,
673 2137 846 2176 quocum
878 2124 926 2165 de
958 2124 1079 2165 rebus
1110 2123 1286 2164 maximi
1316 2123 1510 2165 momenti
1541 2138 1583 2165 se
1614 2137 1703 2165 con-

216 2181 370 2224 sentire
401 2182 553 2235 BIeyer
593 2182 642 2223 de
677 2182 871 2223 Knonau
910 2181 998 2234 ipse
1037 2181 1148 2223 dixit
1160 2182 1187 2222 3.
1251 2182 1320 2223 Ne
1359 2181 1463 2235 quid
1503 2182 1700 2233 omittam,

216 2240 304 2282 iam
349 2254 617 2282 commemoro
666 2240 1020 2291 dissertationem,
1073 2253 1199 2292 quam
1251 2240 1298 2283 Ο.
1347 2241 1669 2282 Kunteemiiller
1687 2243 1703 2264 ⁹

216 2298 396 2352 scripsit,
436 2299 509 2352 qui
549 2298 606 2340 iis
643 2313 750 2352 quae
780 2298 931 2352 DIeyer
962 2300 1011 2340 de
1043 2299 1235 2341 Knonau
1276 2299 1423 2341 statuit
1461 2313 1703 2352 repuqnans

218 2426 253 2468 1)
271 2425 529 2467 Praefatione8,
551 2436 641 2469 quas
660 2426 701 2460 G.
719 2425 766 2461 H.
784 2426 891 2459 Pertz
908 2426 936 2460 b.
957 2437 1000 2461 m.
1025 2437 1058 2461 a.
1079 2427 1180 2462 1828.
1200 2430 1228 2459 et
1249 2427 1350 2461 1870.
1368 2425 1579 2459 editionibus
1594 2436 1702 2468 prae-

216 2474 375 2512 miserat,
402 2473 505 2506 omisi
515 2483 530 2512 ,·
558 2483 646 2516 quae
672 2476 787 2506 autem
814 2473 968 2506 nondum
993 2473 1144 2506 obsoleta
1170 2473 1401 2514 continebant,
1428 2472 1538 2505 verbis
1562 2483 1703 2516 sequen-

215 2520 310 2552 tibus
346 2521 492 2554 inserui.
602 2522 638 2562 2)
676 2520 849 2553 Locorum
888 2521 1068 2553 nominum
1106 2531 1162 2556 ea.
1200 2530 1288 2563 quae
1328 2522 1365 2552 in
1402 2520 1546 2552 dubium
1583 2521 1705 2553 vocari

218 2571 400 2609 nequeunt,
425 2566 498 2599 solo
524 2567 561 2599 in
586 2567 697 2599 indice
721 2567 923 2609 eoeplanavi.
1020 2569 1056 2608 3)
1087 2567 1235 2610 Reyesta
1260 2568 1404 2610 imperii
1426 2566 1456 2607 I,
1484 2567 1534 2601 ed.
1560 2568 1594 2607 2,
1619 2567 1650 2608 I,
1670 2568 1702 2608 1,

216 2613 416 2646 Innsbruck
444 2614 555 2655 1899;
581 2615 614 2653 2,
642 2615 744 2649 1904.
840 2615 878 2656 4)
908 2613 1050 2648 ‘Jaln-b.
1076 2614 1134 2647 des
1158 2614 1297 2648 Frank.
1324 2613 1452 2647 Reichs
1478 2618 1580 2646 anter
1605 2613 1704 2646 Lud-

216 2662 283 2703 wiy
307 2660 382 2693 dem
407 2659 484 2694 Pr!
510 2660 549 2701 I,
576 2660 722 2703 Lipsiae
747 2661 859 2703 18743
894 2661 959 2702 H,
987 2662 1087 2696 1876.
1206 2662 1241 2703 5)
1270 2660 1401 2694 ‘Ge-sch.
1427 2661 1486 2693 des
1514 2660 1703 2701 Ostfrc‘ink.

216 2706 382 2749 Reiches',
418 2708 468 2741 ed.
494 2708 533 2745 2,
569 2707 604 2747 I,
640 2707 785 2749 Lipsiae
812 2708 915 2743 1887.
1035 2708 1070 2750 6)
1101 2707 1227 2741 ‘Ueber
1252 2707 1432 2740 Nithards
1465 2708 1536 2740 τῖεν
1563 2707 1703 2741 Bacha-

217 2753 451 2788 Geschichten.
501 2753 576 2786 Der
610 2754 855 2796 Bruderlcriey
887 2755 951 2787 der
983 2754 1096 2788 So'hne
1125 2755 1296 2797 Ludii-lys
1329 2755 1387 2787 des
1420 2754 1485 2788 Fr.
1522 2755 1596 2787 und
1628 2755 1702 2787 sein

219 2800 598 2841 Geschichtschreiberss
636 2801 780 2844 Lipsiae
807 2801 909 2836 1866.
1019 2802 1055 2843 7)
1081 2802 1133 2834 De
1159 2804 1229 2834 vita
1255 2806 1284 2835 et
1309 2801 1376 2843 fide
1400 2800 1584 2843 Nithardi,
1615 2802 1700 2835 dis&

215 2847 301 2882 Hal.
329 2849 431 2883 1865.
522 2849 558 2890 8)
584 2848 626 2882 L.
653 2857 680 2881 c,
701 2859 740 2890 p.
759 2849 838 2883 152.
933 2848 968 2890 9)
991 2847 1163 2881 ‘Xithard
1188 2849 1262 2881 und
1286 2850 1360 2882 sein
1381 2848 1700 2889 Geschichtswerk',

215 2894 300 2929 diss.
326 2894 416 2935 Ien„
443 2893 564 2928 Guben
591 2896 693 2930 1873.
