2125 3234
199 945 232 969 10

199 1237 232 1262 15

197 1529 232 1554 20

198 1821 232 1847 25

199 2114 234 2140 30

202 2418 235 2444 35

201 2706 236 2730 40

550 285 805 320 NITHARDI
829 284 1190 321 HISTORIARUM
1215 284 1370 320 LIBER
1395 283 1446 320 11.
1695 287 1738 321 17

256 405 456 447 Karolus
487 405 670 458 quidem
703 406 799 446 sola
830 406 1013 447 iusticia
1045 418 1200 459 pacem
1237 404 1438 459 petebat.
1482 405 1738 445 Lodharius
1750 409 1832 444 840.

257 477 375 513 vero,
409 476 497 516 quo
531 466 633 504 astu
667 463 836 517 absque
873 463 1073 518 praelioa
1110 463 1239 504 illum
1284 462 1491 516 decipere
1524 476 1574 503 ac
1613 476 1738 516 supe-

257 534 356 563 rare
389 524 553 576 posset,
588 535 770 575 operam
804 522 958 564 dabat.
1012 521 1143 573 Quod
1176 534 1279 562 cum
1311 533 1525 574 peragere
1556 523 1739 562 strenue

256 579 573 621 resistentibus
606 581 850 630 diffideret,
883 593 1069 634 sperans
1100 580 1217 620 vires
1249 592 1365 627 suas,
1388 578 1459 619 uti
1481 582 1737 632 coeperant,

258 638 426 680 cotidie
458 651 726 687 accrescere,
760 652 909 692 quam,
943 652 1045 680 cum
1078 637 1250 678 Karolo
1283 636 1600 685 decrevissent,
1633 637 1740 677 faci-

258 697 345 737 lius
377 696 509 736 illum
541 697 776 750 subiugari
808 710 937 751 posse
970 695 1294 737 arbitrabatur.
1347 694 1448 736 Hac
1481 697 1633 736 autem
1662 708 1740 749 spe

257 755 476 808 deceptus
508 767 561 796 ea
593 755 804 808 pactione
825 754 1048 809 praelium
1071 754 1266 803 diremit,
1289 755 1342 794 ut
1364 754 1546 795 cederet
1569 753 1741 794 Karolo

257 813 528 866 Aquitania,
578 813 883 866 Septimania,
925 813 1165 854 Provincia
1211 814 1258 853 et
1299 812 1455 853 decem
1497 812 1740 853 comitatus

255 871 378 912 inter
410 871 607 925 Ligerim
652 874 698 912 et
731 871 1000 925 Sequanam,
1043 885 1095 912 eo
1132 870 1346 912 videlicet
1387 870 1533 914 modo,
1576 873 1628 910 ut
1670 870 1739 911 his

258 924 527 971 contentusb
555 929 739 971 interim
768 930 883 970 inibi
905 933 1036 976 esset,
1061 930 1204 970 donec
1226 928 1491 969 Atiniacum
1511 928 1644 968 VIII.
1669 928 1737 969 Id.
1753 915 1867 986 ᾖξ’-8

257 987 402 1028 Maias
435 988 730 1038 conveniant;
765 988 895 1042 quasi
920 988 1102 1041 quidem
1126 987 1355 1028 communi
1378 1000 1599 1028 consensu
1622 989 1740 1027 utro-

256 1059 447 1100 rumque
478 1046 731 1088 utilitatem
764 1047 1028 1101 praevidere
1061 1059 1112 1087 ac
1145 1047 1348 1087 statuere
1370 1044 1488 1087 velle
1518 1045 1738 1099 promisit.

258 1104 484 1146 Primores
530 1119 708 1159 quoque
756 1105 954 1159 partium
1003 1104 1163 1145 Karoli
1216 1106 1452 1145 cernentes
1505 1103 1739 1157 negotium
1753 1108 1836 1142 840.

258 1163 375 1204 vires
406 1176 510 1204 suas
542 1164 758 1205 excedere
781 1164 1062 1217 maximeque
1083 1162 1323 1209 timebant,
1347 1175 1404 1203 ne
1426 1162 1547 1203 forte
1569 1161 1741 1216 praelio

259 1221 495 1262 commisso
527 1222 575 1261 in
606 1224 738 1262 tanta
769 1222 1001 1275 paucitate
1041 1234 1193 1275 regem
1236 1234 1367 1261 suum
1409 1220 1583 1262 salvare
1625 1221 1742 1261 diffi-

258 1279 370 1320 cile0
418 1282 603 1333 possent
648 1302 706 1306 —
753 1282 852 1320 erat
893 1280 1012 1320 enim
1056 1292 1157 1332 spes
1202 1279 1378 1320 cunctis
1424 1292 1515 1320 non
1563 1279 1744 1320 modica

257 1337 424 1379 indolis
456 1338 553 1379 eius
585 1352 662 1387 —;
706 1351 841 1391 quam
884 1337 941 1379 ob
983 1350 1077 1378 rem
1119 1337 1306 1378 statutis
1347 1350 1400 1378 eo
1441 1340 1600 1378 tenore
1642 1351 1742 1379 con-

258 1396 476 1445 sentiunt,
509 1398 563 1436 ut
595 1396 807 1450 deinceps
839 1396 1096 1437 Lodharius
1120 1395 1290 1436 Karolo
1322 1395 1389 1436 ita
1420 1395 1537 1436 fidus
1570 1396 1741 1436 amicus

258 1455 330 1500 sit,
363 1455 483 1496 sicut
513 1455 658 1496 frater
689 1468 769 1509 per
800 1455 1029 1496 iusticiam
1060 1454 1195 1495 fratri
1227 1467 1322 1495 esse
1345 1454 1494 1503 debet,
1519 1456 1565 1495 et
1586 1467 1740 1508 regna,

258 1527 373 1567 quae
418 1513 488 1554 illi
535 1513 802 1567 deputabat,
844 1513 1000 1567 quieta
1042 1512 1209 1554 habere
1249 1512 1424 1554 faceret
1464 1526 1516 1554 ac
1557 1513 1740 1554 interim

258 1585 392 1626 super
414 1568 758 1613 Lodhuvicumd
784 1571 1016 1613 hostiliter
1046 1572 1111 1612 ire
1144 1571 1388 1619 dedisset&
1422 1570 1557 1613 aliter
1588 1574 1740 1612 autem

256 1631 354 1671 iure
414 1631 536 1684 quod
595 1631 857 1672 iuraverant
917 1629 1117 1671 absoluti
1174 1643 1268 1670 esse
1325 1629 1557 1671 deberent.
1641 1628 1742 1680 Qua

257 1688 440 1742 quidem
474 1691 570 1730 arte
603 1691 649 1730 et
686 1702 838 1742 regem
879 1702 1011 1729 suum
1053 1702 1078 1729 a
1120 1688 1333 1742 periculis
1375 1688 1654 1729 subtrahunt
1696 1690 1742 1729 et

258 1761 304 1788 se
338 1760 440 1788 mox
472 1761 499 1788 a
530 1750 814 1788 sacramento
847 1746 1103 1788 absolvunt.
1167 1746 1286 1787 Nam
1319 1748 1562 1800 antequam
1604 1747 1739 1795 idem,

258 1806 335 1860 qui
367 1805 479 1847 haec
511 1806 786 1855 iuraverant,
830 1805 964 1846 domo
997 1805 1334 1859 egrederentur,
1379 1805 1553 1858 aliquos
1585 1818 1639 1846 ex
1672 1805 1742 1846 his

258 1865 336 1918 qui
367 1864 559 1906 aderant
590 1865 842 1906 subducere
876 1864 931 1905 ab
964 1863 1045 1905 illo
1077 1864 1323 1917 temptavit
1355 1863 1470 1904 etin
1493 1864 1741 1904 crastinum

258 1923 477 1976 quosdam
509 1936 692 1964 suorum
724 1923 910 1977 recepit.
966 1923 1160 1976 Insuper
1192 1925 1238 1963 et
1269 1922 1316 1962 in
1347 1936 1500 1975 regna,
1534 1936 1649 1975 quae
1671 1922 1741 1962 illi

259 1982 571 2035 deputaverat,
615 1981 768 2022 statim
813 1981 979 2022 direxit
1019 1983 1078 2029 et,
1124 1981 1170 2020 in
1211 1983 1434 2034 quantum
1475 1981 1638 2034 potuit,
1684 1994 1741 2022 ne

258 2040 328 2080 illi
360 2053 406 2082 se
447 2039 707 2089 subderent,
749 2039 1034 2093 perturbavit
1076 2042 1133 2086 et,
1176 2042 1229 2079 ut
1262 2052 1284 2079 e
1317 2039 1556 2080 Provincia
1597 2039 1654 2080 ad
1695 2053 1741 2080 se

259 2099 491 2140 venientes
524 2099 764 2152 exciperet,
808 2098 1005 2152 perrexit
1047 2100 1105 2141 et,
1148 2098 1530 2151 quemadmodum
1562 2098 1742 2138 Lodhu·

258 2152 449 2199 wicumf
487 2157 591 2198 dolo
624 2171 682 2197 an
714 2157 788 2197 vig
823 2170 1034 2211 superare
1067 2159 1231 2210 posset,
1264 2156 1479 2197 intendit.

401 2231 441 2267 5.
504 2227 687 2268 Interea
719 2227 917 2268 Karolus
949 2226 1315 2268 Aurilianensem
1358 2226 1515 2267 urbem
1556 2227 1742 2268 veniens

259 2286 561 2328 Teotbaldum
597 2289 642 2327 et
676 2285 944 2327 Warinum1
977 2299 1078 2326 cum
1111 2285 1382 2338 quibusdam
1417 2299 1440 2326 e
1473 2285 1740 2339 Burgundia

261 2345 319 2386 ad
365 2358 411 2386 se
451 2345 686 2386 venientes
735 2347 971 2399 gratanter
1017 2357 1068 2385 ac
1115 2344 1310 2397 benigne
1356 2344 1548 2397 excepit.
1620 2344 1741 2385 Hinc

261 2405 415 2445 autem
456 2403 635 2444 obviam
668 2403 901 2445 Bernardo
915 2403 940 2451 ²,
985 2403 1103 2443 sicut
1145 2403 1452 2447 mandaverat,
1496 2403 1740 2443 Nivernen-

262 2457 382 2502 semh
410 2462 566 2502 urbem
600 2462 729 2516 petit.
795 2462 883 2503 Sed
906 2461 1165 2502 Bernardus
1199 2474 1320 2501 more
1353 2460 1487 2502 solito
1521 2461 1578 2501 ad
1610 2461 1741 2501 illum

260 2521 413 2561 venire
446 2520 627 2560 distulit
659 2521 813 2562 dicens
845 2533 891 2561 se
914 2534 1013 2561 cum
1040 2519 1233 2573 Pippino
1256 2519 1437 2572 suisque
1460 2522 1742 2560 sacramento

262 2642 289 2659 a*
315 2635 409 2666 prelio
431 2642 454 2658 c.
547 2635 575 2665 by
602 2638 786 2665 contemptus
805 2642 828 2657 r.
921 2642 946 2658 cv
973 2631 1065 2657 ‹liftile
1087 2640 1160 2658 corr.
1183 2631 1313 2658 difficile.
1406 2634 1436 2663 d)
1464 2633 1647 2658 Ludhuieum
1667 2641 1741 2658 ems.

262 2668 476 2694 Lodhuvieum.
569 2678 595 2693 ε·Ἰ
623 2670 713 2696 Perta
736 2671 784 2693 NS.
807 2669 850 2695 It.
876 2677 904 2699 p.
926 2669 987 2694 0557.
1014 2669 1031 2694 Ι,
1055 2669 1097 2693 28.
1124 2669 1279 2692 emendarit
1305 2667 1456 2693 desiisset:
1483 2669 1557 2697 forte
1583 2667 1739 2693 destinis-⁴:21

262 2705 474 2729 emundandum.
568 2706 587 2731 t}
615 2705 816 2729 Lndhnuicum
836 2711 909 2729 corr.
933 2702 1168 2728 Lodhuuvicum.
1261 2711 1276 2728 r:
1315 2704 1342 2727 vi
1370 2711 1385 2727 (ι
1408 2703 1519 2727 Patavi«,
1540 2705 1567 2726 in
1591 2704 1649 2727 loco
1676 2711 1742 2727 nam

262 2741 398 2770 scriptum
420 2747 476 2764 esse
496 2740 569 2763 dfxit
590 2740 671 2764 Fere:
686 2740 733 2765 NS,
752 2739 782 2766 R,
796 2740 830 2766 G.
850 2740 890 2766 crI,
905 2739 929 2763 ⁶2.
947 2747 978 2770 p.
993 2740 1034 2769 15,
1056 2747 1083 2763 u.
1099 2739 1132 2769 b?
1159 2738 1253 2762 “ulem
1274 2739 1360 2762 ‹lictis›
1381 2739 1461 2767 infra
1481 2746 1503 2762 c.
1521 2739 1544 2763 7.
1568 2740 1632 2769 fur„
1650 2747 1680 2769 p.
1698 2740 1740 2763 21.

262 2775 292 2804 h)
312 2775 461 2800 niuei-sam
480 2782 553 2801 corr.
572 2776 790 2800 niuernensexn.

265 2856 298 2898 1)
326 2856 382 2897 Cf.
412 2867 527 2900 supra
561 2869 593 2900 p.
617 2859 650 2899 R,
685 2868 717 2891 n.
744 2859 775 2891 2.
806 2860 835 2889 d
862 2855 981 2897 Meyer
1011 2866 1074 2888 con
1101 2855 1257 2889 Knonms,
1289 2856 1310 2890 l.
1338 2866 1363 2890 e.
1394 2868 1431 2899 p.
1461 2858 1537 2890 140.
1636 2858 1670 2890 2›
1702 2855 1746 2890 Γ,

261 2913 374 2946 supra
399 2904 422 2939 l.
447 2904 480 2946 I,
509 2915 534 2938 c.
562 2906 594 2939 3.

353 2972 489 2998 Nithard.
1436 2975 1457 3007 2
